<record><header><identifier>oai:alma.41SLSP_UGE:991000779069705502</identifier><datestamp>2024-11-12T01:07:45Z</datestamp><setSpec>uge_bcen_RapidILL_BOOK</setSpec><setSpec>uge_aaca_RapidILL_BOOK</setSpec><setSpec>uge_abels_RapidILL_BOOK</setSpec><setSpec>uge_dbu_RapidILL_BOOK</setSpec><setSpec>uge_cmu_RapidILL_BOOK</setSpec><setSpec>uge_mail_RapidILL_BOOK</setSpec><setSpec>uge_abbat_RapidILL_BOOK</setSpec><setSpec>UNIGE_ALL</setSpec><setSpec>uge_aobs_RapidILL_BOOK</setSpec><setSpec>uge_acar_RapidILL_BOOK</setSpec></header><metadata>
<record xmlns="http://www.loc.gov/MARC21/slim" xmlns:xsi="http://www.w3.org/2001/XMLSchema-instance" xsi:schemaLocation="http://www.loc.gov/MARC21/slim http://www.loc.gov/standards/marcxml/schema/MARC21slim.xsd"><leader>01676nam a2200373 c 4500</leader><controlfield tag="001">991000779069705502</controlfield><controlfield tag="005">20241111233128.0</controlfield><controlfield tag="008">000921s1737    sz ||||| |||| 00| ||ger d</controlfield><datafield ind1=" " ind2=" " tag="035"><subfield code="a">(swissbib)077824717-41slsp_network</subfield></datafield><datafield ind1=" " ind2=" " tag="035"><subfield code="a">077824717</subfield><subfield code="9">ExL</subfield></datafield><datafield ind1=" " ind2=" " tag="035"><subfield code="a">(RERO)0243479-41slsp</subfield></datafield><datafield ind1=" " ind2=" " tag="035"><subfield code="a">(EXLNZ-41SLSP_NETWORK)991055629959705501</subfield></datafield><datafield ind1=" " ind2=" " tag="040"><subfield code="a">RERO</subfield><subfield code="d">CH-ZuSLS</subfield></datafield><datafield ind1=" " ind2="7" tag="072"><subfield code="a">hg</subfield><subfield code="2">rero</subfield></datafield><datafield ind1=" " ind2=" " tag="084"><subfield code="a">551.F.D.D.4</subfield><subfield code="2">brp</subfield></datafield><datafield ind1=" " ind2=" " tag="084"><subfield code="a">551.F.D.E</subfield><subfield code="2">brp</subfield></datafield><datafield ind1="0" ind2="0" tag="245"><subfield code="a">&lt;&lt;Die&gt;&gt; Bündnüsse und Verträge der helvetischen Nation</subfield><subfield code="b">welche Theils die unterschiedene Städte und Republiquen mit einander, Theils alle insgesammt mit auswärtigen Potentaten haben : alles nach den wahren Originalien zum gemeinen Besten an das Liecht gestellt</subfield></datafield><datafield ind1="1" ind2=" " tag="246"><subfield code="a">Bündnisse und Verträge der helvetischen Nation</subfield></datafield><datafield ind1=" " ind2="1" tag="264"><subfield code="a">Bern</subfield><subfield code="b">getruckt bey Samuel Kuepffer</subfield><subfield code="c">1737</subfield></datafield><datafield ind1=" " ind2=" " tag="300"><subfield code="a">[5] f., 240, [3] p.</subfield><subfield code="c">4⁰</subfield></datafield><datafield ind1=" " ind2=" " tag="336"><subfield code="b">txt</subfield><subfield code="2">rdacontent</subfield></datafield><datafield ind1=" " ind2=" " tag="337"><subfield code="b">n</subfield><subfield code="2">rdamedia</subfield></datafield><datafield ind1=" " ind2=" " tag="338"><subfield code="b">nc</subfield><subfield code="2">rdacarrier</subfield></datafield><datafield ind1=" " ind2="7" tag="650"><subfield code="a">16e siècle-17e siècle</subfield><subfield code="2">idref</subfield></datafield><datafield ind1=" " ind2="7" tag="650"><subfield code="a">Diplomatie</subfield><subfield code="0">(IDREF)027429180</subfield><subfield code="2">idref</subfield></datafield><datafield ind1=" " ind2="7" tag="650"><subfield code="a">Alliances</subfield><subfield code="0">(IDREF)027757439</subfield><subfield code="2">idref</subfield></datafield><datafield ind1=" " ind2="7" tag="650"><subfield code="a">Cantons</subfield><subfield code="0">(IDREF)027759407</subfield><subfield code="2">idref</subfield></datafield><datafield ind1=" " ind2="7" tag="651"><subfield code="a">Suisse</subfield><subfield code="0">(IDREF)027249654</subfield><subfield code="2">idref</subfield></datafield><datafield ind1=" " ind2="7" tag="655"><subfield code="a">[document]</subfield><subfield code="2">rerovoc</subfield><subfield code="0">(RERO)A010182398</subfield></datafield><datafield ind1="1" ind2=" " tag="700"><subfield code="a">Küpfer, Samuel</subfield><subfield code="d">1687-1765</subfield><subfield code="0">(IDREF)243949642</subfield><subfield code="4">prt</subfield></datafield><datafield ind1="1" ind2=" " tag="710"><subfield code="a">Suisse</subfield><subfield code="0">(IDREF)026438658</subfield></datafield><datafield ind1=" " ind2=" " tag="751"><subfield code="a">Berne (Suisse)</subfield><subfield code="4">pup</subfield><subfield code="0">(IDREF)027369714</subfield></datafield><datafield ind1="0" ind2="8" tag="776"><subfield code="i">Publié également comme</subfield><subfield code="n">édition en ligne</subfield><subfield code="t">&lt;&lt;Die&gt;&gt; Bündnüsse und Verträge der helvetischen Nation</subfield><subfield code="w">991171988118805501</subfield></datafield><datafield ind1="4" ind2="1" tag="856"><subfield code="u">http://books.google.ch/books?vid=BCUL1092301050</subfield><subfield code="z">Googlos 2007-2009</subfield></datafield><datafield ind1=" " ind2=" " tag="900"><subfield code="a">REROswissbibnomerge</subfield></datafield></record>
</metadata></record>