<record><header><identifier>oai:alma.41SLSP_UGE:991000789929705502</identifier><datestamp>2023-10-05T03:17:56Z</datestamp><setSpec>uge_bcen_RapidILL_BOOK</setSpec><setSpec>uge_aaca_RapidILL_BOOK</setSpec><setSpec>uge_abels_RapidILL_BOOK</setSpec><setSpec>uge_dbu_RapidILL_BOOK</setSpec><setSpec>uge_cmu_RapidILL_BOOK</setSpec><setSpec>uge_mail_RapidILL_BOOK</setSpec><setSpec>uge_abbat_RapidILL_BOOK</setSpec><setSpec>UNIGE_ALL</setSpec><setSpec>uge_acar_RapidILL_BOOK</setSpec><setSpec>uge_aobs_RapidILL_BOOK</setSpec></header><metadata>
<record xmlns="http://www.loc.gov/MARC21/slim" xmlns:xsi="http://www.w3.org/2001/XMLSchema-instance" xsi:schemaLocation="http://www.loc.gov/MARC21/slim http://www.loc.gov/standards/marcxml/schema/MARC21slim.xsd"><leader>01748naa a2200349 c 4500</leader><controlfield tag="001">991000789929705502</controlfield><controlfield tag="005">20231004155944.0</controlfield><controlfield tag="008">110415s2011    sz ||||| |||| 10| ||eng d</controlfield><datafield ind1=" " ind2=" " tag="035"><subfield code="a">(swissbib)113384696-41slsp_network</subfield></datafield><datafield ind1=" " ind2=" " tag="035"><subfield code="a">113384696</subfield><subfield code="9">ExL</subfield></datafield><datafield ind1=" " ind2=" " tag="035"><subfield code="a">(RERO)R005994464-41slsp</subfield></datafield><datafield ind1=" " ind2=" " tag="035"><subfield code="a">(EXLNZ-41SLSP_NETWORK)991156117089705501</subfield></datafield><datafield ind1=" " ind2=" " tag="040"><subfield code="a">RERO iftaf-</subfield><subfield code="d">CH-ZuSLS</subfield></datafield><datafield ind1=" " ind2=" " tag="044"><subfield code="a">sz</subfield><subfield code="c">ch-bs</subfield></datafield><datafield ind1=" " ind2="7" tag="072"><subfield code="a">dr</subfield><subfield code="2">rero</subfield></datafield><datafield ind1=" " ind2=" " tag="084"><subfield code="a">CA/CE 84 i</subfield><subfield code="2">cjurrom</subfield></datafield><datafield ind1="1" ind2=" " tag="100"><subfield code="a">Koch, Oliver</subfield><subfield code="0">(RERO)A003463520</subfield><subfield code="4">cre</subfield></datafield><datafield ind1="1" ind2="0" tag="245"><subfield code="a">Energy liberalisation and competition law</subfield><subfield code="b">the Commission's recent antitrust case practice</subfield><subfield code="c">Oliver Koch and Céline Gauer</subfield></datafield><datafield ind1=" " ind2=" " tag="336"><subfield code="b">txt</subfield><subfield code="2">rdacontent</subfield></datafield><datafield ind1=" " ind2=" " tag="337"><subfield code="b">n</subfield><subfield code="2">rdamedia</subfield></datafield><datafield ind1=" " ind2=" " tag="338"><subfield code="b">nc</subfield><subfield code="2">rdacarrier</subfield></datafield><datafield ind1=" " ind2=" " tag="580"><subfield code="a">In: Current developments in European and international competition law. - Basel : Helbing Lichtenhahn, 2011. - P. 47-88</subfield></datafield><datafield ind1=" " ind2=" " tag="580"><subfield code="a">In: European energy law. - Bâle : Helbing Lichtenhahn, 2011. - P. 209-246</subfield></datafield><datafield ind1=" " ind2="7" tag="650"><subfield code="a">Energie</subfield><subfield code="9">ger</subfield><subfield code="0">(RERO)jurivoc000006863ger</subfield><subfield code="2">jurivoc</subfield></datafield><datafield ind1=" " ind2="7" tag="650"><subfield code="a">Energiesparen</subfield><subfield code="9">ger</subfield><subfield code="0">(RERO)jurivoc000006872ger</subfield><subfield code="2">jurivoc</subfield></datafield><datafield ind1=" " ind2="7" tag="650"><subfield code="a">Marktöffnung</subfield><subfield code="9">ger</subfield><subfield code="0">(RERO)jurivoc000014668ger</subfield><subfield code="2">jurivoc</subfield></datafield><datafield ind1=" " ind2="7" tag="650"><subfield code="a">Wettbewerb(Konkurrenz)</subfield><subfield code="9">ger</subfield><subfield code="0">(RERO)jurivoc000026442ger</subfield><subfield code="2">jurivoc</subfield></datafield><datafield ind1=" " ind2="7" tag="650"><subfield code="a">Kartell</subfield><subfield code="9">ger</subfield><subfield code="0">(RERO)jurivoc000012504ger</subfield><subfield code="2">jurivoc</subfield></datafield><datafield ind1=" " ind2="7" tag="650"><subfield code="a">Kommission der EG</subfield><subfield code="9">ger</subfield><subfield code="0">(RERO)jurivoc000013042ger</subfield><subfield code="2">jurivoc</subfield></datafield><datafield ind1=" " ind2="7" tag="650"><subfield code="a">Gerichts- und Verwaltungspraxis</subfield><subfield code="9">ger</subfield><subfield code="0">(RERO)jurivoc000009624ger</subfield><subfield code="2">jurivoc</subfield></datafield><datafield ind1="1" ind2=" " tag="700"><subfield code="a">Gauer, Céline</subfield><subfield code="d">19..-....</subfield><subfield code="0">(IDREF)27232874X</subfield><subfield code="4">aut</subfield></datafield><datafield ind1="0" ind2=" " tag="773"><subfield code="t">European energy law = Droit européen de l'énergie</subfield><subfield code="g">209</subfield><subfield code="w">(RERO)R005921272-41slsp</subfield></datafield><datafield ind1="0" ind2=" " tag="773"><subfield code="t">Current developments in European and international competition law : 17th St. Gallen International Competition Law Forum ICF 2010</subfield><subfield code="g">47</subfield><subfield code="w">(RERO)R005919148-41slsp</subfield></datafield></record>
</metadata></record>