<record><header><identifier>oai:alma.41SLSP_UGE:991000779589705502</identifier><datestamp>2024-04-11T00:26:13Z</datestamp><setSpec>uge_bcen_RapidILL_BOOK</setSpec><setSpec>uge_aaca_RapidILL_BOOK</setSpec><setSpec>uge_abels_RapidILL_BOOK</setSpec><setSpec>uge_dbu_RapidILL_BOOK</setSpec><setSpec>uge_cmu_RapidILL_BOOK</setSpec><setSpec>uge_mail_RapidILL_BOOK</setSpec><setSpec>uge_abbat_RapidILL_BOOK</setSpec><setSpec>UNIGE_ALL</setSpec><setSpec>uge_aobs_RapidILL_BOOK</setSpec><setSpec>uge_acar_RapidILL_BOOK</setSpec></header><metadata>
<record xmlns="http://www.loc.gov/MARC21/slim" xmlns:xsi="http://www.w3.org/2001/XMLSchema-instance" xsi:schemaLocation="http://www.loc.gov/MARC21/slim http://www.loc.gov/standards/marcxml/schema/MARC21slim.xsd"><leader>03551nam a2200901 c 4500</leader><controlfield tag="001">991000779589705502</controlfield><controlfield tag="005">20240410140931.0</controlfield><controlfield tag="008">201011s1988    sz ||||| |||| 00| ||ger d</controlfield><datafield ind1=" " ind2=" " tag="020"><subfield code="a">3725526516</subfield><subfield code="c">Fr. 46.-</subfield></datafield><datafield ind1=" " ind2=" " tag="035"><subfield code="a">(swissbib)219152349-41slsp_network</subfield></datafield><datafield ind1=" " ind2=" " tag="035"><subfield code="a">219152349</subfield><subfield code="9">ExL</subfield></datafield><datafield ind1=" " ind2=" " tag="035"><subfield code="a">(RERO)1100295-41slsp</subfield></datafield><datafield ind1=" " ind2=" " tag="035"><subfield code="a">(NEBIS)001066796EBI01</subfield></datafield><datafield ind1=" " ind2=" " tag="035"><subfield code="a">(IDSSG)000016097HSB01</subfield></datafield><datafield ind1=" " ind2=" " tag="035"><subfield code="a">(IDSBB)000511753DSV01</subfield></datafield><datafield ind1=" " ind2=" " tag="035"><subfield code="a">(ALEX)bv01097033</subfield></datafield><datafield ind1=" " ind2=" " tag="035"><subfield code="a">(EXLNZ-41SLSP_NETWORK)991014666849705501</subfield></datafield><datafield ind1=" " ind2=" " tag="040"><subfield code="a">RERO laisdc</subfield><subfield code="d">CH-ZuSLS</subfield></datafield><datafield ind1=" " ind2="7" tag="072"><subfield code="a">dr</subfield><subfield code="2">rero</subfield></datafield><datafield ind1=" " ind2="7" tag="072"><subfield code="a">rd</subfield><subfield code="2">SzZuIDS BS/BE</subfield></datafield><datafield ind1=" " ind2="7" tag="072"><subfield code="a">re</subfield><subfield code="2">SzZuIDS BS/BE</subfield></datafield><datafield ind1="0" ind2="4" tag="082"><subfield code="a">346.4940668</subfield></datafield><datafield ind1="1" ind2="4" tag="082"><subfield code="a">340</subfield><subfield code="2">15</subfield></datafield><datafield ind1=" " ind2=" " tag="084"><subfield code="a">CA/CH 79.1 h</subfield><subfield code="2">cjurrom</subfield></datafield><datafield ind1=" " ind2=" " tag="084"><subfield code="a">PU 2645</subfield><subfield code="2">rvk</subfield></datafield><datafield ind1=" " ind2=" " tag="084"><subfield code="a">17</subfield><subfield code="2">sdnb</subfield></datafield><datafield ind1=" " ind2=" " tag="084"><subfield code="a">19</subfield><subfield code="2">sdnb</subfield></datafield><datafield ind1=" " ind2=" " tag="084"><subfield code="a">340</subfield><subfield code="2">sdnb</subfield></datafield><datafield ind1=" " ind2=" " tag="084"><subfield code="a">360</subfield><subfield code="2">sdnb</subfield></datafield><datafield ind1="1" ind2=" " tag="100"><subfield code="a">Eilentrop, Bettina</subfield><subfield code="0">(RERO)A003212276</subfield><subfield code="4">cre</subfield></datafield><datafield ind1="1" ind2="0" tag="245"><subfield code="a">&lt;&lt;Die&gt;&gt; Kommanditaktiengesellschaft</subfield><subfield code="b">eine rechtsvergleichende Betrachtung insbesondere der Exekutiv- und der Aufsichtsfunktionen</subfield><subfield code="c">von Bettina Eilentrop</subfield></datafield><datafield ind1=" " ind2="1" tag="264"><subfield code="a">Zürich</subfield><subfield code="b">Schulthess Polygraphischer Verlag</subfield><subfield code="c">[1988]</subfield></datafield><datafield ind1=" " ind2="4" tag="264"><subfield code="c">© 1988</subfield></datafield><datafield ind1=" " ind2=" " tag="300"><subfield code="a">XXXII, 237 S.</subfield><subfield code="c">23 cm</subfield></datafield><datafield ind1=" " ind2=" " tag="336"><subfield code="b">txt</subfield><subfield code="2">rdacontent</subfield></datafield><datafield ind1=" " ind2=" " tag="337"><subfield code="b">n</subfield><subfield code="2">rdamedia</subfield></datafield><datafield ind1=" " ind2=" " tag="338"><subfield code="b">nc</subfield><subfield code="2">rdacarrier</subfield></datafield><datafield ind1="1" ind2=" " tag="490"><subfield code="a">Schweizer Schriften zum Handels- und Wirtschaftsrecht</subfield><subfield code="v">Bd. 112</subfield></datafield><datafield ind1=" " ind2=" " tag="500"><subfield code="a">Buchhandelsausg. der Diss. Zürich, 1988</subfield></datafield><datafield ind1=" " ind2=" " tag="500"><subfield code="a">2. Expl. Diss.-Ausg.</subfield></datafield><datafield ind1=" " ind2=" " tag="502"><subfield code="a">Diss. Univ. Zürich, 1989. - Ref.: Peter Forstmoser</subfield></datafield><datafield ind1=" " ind2=" " tag="502"><subfield code="a">Zugl.: Diss. Rechts- und staatswissenschaftl. Fak. Zürich, 1988</subfield></datafield><datafield ind1=" " ind2=" " tag="504"><subfield code="a">Bibliogr</subfield></datafield><datafield ind1=" " ind2=" " tag="504"><subfield code="a">Literaturverzeichnis</subfield></datafield><datafield ind1=" " ind2="0" tag="650"><subfield code="a">Corporate governance</subfield><subfield code="z">Germany (West)</subfield></datafield><datafield ind1=" " ind2="0" tag="650"><subfield code="a">Corporate governance</subfield><subfield code="z">Switzerland</subfield></datafield><datafield ind1=" " ind2="0" tag="650"><subfield code="a">Directors of corporations</subfield><subfield code="z">Germany (West)</subfield></datafield><datafield ind1=" " ind2="0" tag="650"><subfield code="a">Directors of corporations</subfield><subfield code="z">Switzerland</subfield></datafield><datafield ind1=" " ind2="0" tag="650"><subfield code="a">Limited partnership</subfield><subfield code="z">Germany (West)</subfield></datafield><datafield ind1=" " ind2="0" tag="650"><subfield code="a">Limited partnership</subfield><subfield code="z">Switzerland</subfield></datafield><datafield ind1=" " ind2="4" tag="650"><subfield code="a">Kommanditaktiengesellschaft</subfield></datafield><datafield ind1=" " ind2="4" tag="650"><subfield code="a">Kommanditgesellschaft auf Aktien</subfield></datafield><datafield ind1=" " ind2="4" tag="650"><subfield code="a">Rechtsvergleich</subfield></datafield><datafield ind1=" " ind2="7" tag="650"><subfield code="a">Kommanditaktiengesellschaft</subfield><subfield code="0">(DE-588)4210363-0</subfield><subfield code="2">gnd</subfield></datafield><datafield ind1=" " ind2="7" tag="650"><subfield code="a">Kommanditgesellschaft auf Aktien</subfield><subfield code="0">(DE-588)4131978-3</subfield><subfield code="2">gnd</subfield></datafield><datafield ind1=" " ind2="7" tag="650"><subfield code="a">Rechtsvergleich</subfield><subfield code="0">(DE-588)4115712-6</subfield><subfield code="2">gnd</subfield></datafield><datafield ind1=" " ind2="7" tag="650"><subfield code="a">Kommanditaktiengesellschaft</subfield><subfield code="z">Deutschland (BRD)</subfield><subfield code="2">idsbb</subfield></datafield><datafield ind1=" " ind2="7" tag="650"><subfield code="a">Kommanditaktiengesellschaft</subfield><subfield code="z">Schweiz</subfield><subfield code="2">idsbb</subfield></datafield><datafield ind1=" " ind2="7" tag="650"><subfield code="a">Kommanditaktiengesellschaft</subfield><subfield code="2">idszbz</subfield></datafield><datafield ind1=" " ind2="7" tag="650"><subfield code="a">Recht</subfield><subfield code="2">idszbz</subfield></datafield><datafield ind1=" " ind2="7" tag="650"><subfield code="a">société en commandite par actions</subfield><subfield code="0">(RERO)A010151652</subfield><subfield code="2">rerovoc</subfield></datafield><datafield ind1=" " ind2="4" tag="651"><subfield code="a">Deutschland (Bundesrepublik)</subfield></datafield><datafield ind1=" " ind2="4" tag="651"><subfield code="a">Schweiz</subfield></datafield><datafield ind1=" " ind2="7" tag="651"><subfield code="a">Deutschland</subfield><subfield code="g">Bundesrepublik</subfield><subfield code="0">(DE-588)4011889-7</subfield><subfield code="2">gnd</subfield></datafield><datafield ind1=" " ind2="7" tag="651"><subfield code="a">Schweiz</subfield><subfield code="0">(DE-588)4053881-3</subfield><subfield code="2">gnd</subfield></datafield><datafield ind1=" " ind2="7" tag="651"><subfield code="a">Suisse</subfield><subfield code="0">(IDREF)027249654</subfield><subfield code="2">idref</subfield></datafield><datafield ind1=" " ind2="7" tag="651"><subfield code="a">Deutschland (BRD)</subfield><subfield code="2">idszbz</subfield></datafield><datafield ind1=" " ind2="7" tag="651"><subfield code="a">Schweiz</subfield><subfield code="2">idszbz</subfield></datafield><datafield ind1=" " ind2="7" tag="655"><subfield code="a">Hochschulschrift</subfield><subfield code="2">gnd-content</subfield></datafield><datafield ind1=" " ind2=" " tag="690"><subfield code="a">Kommanditgesellschaft</subfield><subfield code="2">uzb-UC</subfield></datafield><datafield ind1=" " ind2=" " tag="690"><subfield code="a">Rechtsvergleich</subfield><subfield code="2">uzb-UC</subfield></datafield><datafield ind1=" " ind2=" " tag="690"><subfield code="a">Schweiz</subfield><subfield code="2">uzb-UC</subfield></datafield><datafield ind1="1" ind2=" " tag="700"><subfield code="a">Forstmoser, Peter</subfield><subfield code="d">1943-</subfield><subfield code="0">(DE-588)124468292</subfield><subfield code="e">Akademischer Betreuer</subfield><subfield code="4">dgs</subfield></datafield><datafield ind1=" " ind2=" " tag="830"><subfield code="a">Schweizer Schriften zum Handels- und Wirtschaftsrecht</subfield><subfield code="v">112</subfield><subfield code="w">(RERO)0098005-41slsp</subfield></datafield><datafield ind1=" " ind2=" " tag="830"><subfield code="a">Schweizer Schriften zum Handels- und Wirtschaftsrecht</subfield><subfield code="v">112</subfield><subfield code="w">(IDSSG)000002905HSB01</subfield></datafield><datafield ind1=" " ind2=" " tag="900"><subfield code="a">REROnoselfmerge</subfield></datafield><datafield ind1=" " ind2=" " tag="900"><subfield code="a">IDSZ1ZH</subfield></datafield><datafield ind1=" " ind2=" " tag="900"><subfield code="a">IDSZ2rwimon200711l</subfield><subfield code="c">IDSZ2biss</subfield></datafield><datafield ind1=" " ind2=" " tag="900"><subfield code="a">IDSUxDissertation</subfield><subfield code="b">IDSUxRechts- und staatswissenschaftliche Fakultät der Universität Zürich</subfield></datafield></record>
</metadata></record>