<record><header><identifier>oai:alma.41SLSP_UGE:991000789209705502</identifier><datestamp>2024-07-18T00:13:43Z</datestamp><setSpec>UNIGE_ALL</setSpec></header><metadata>
<record xmlns="http://www.loc.gov/MARC21/slim" xmlns:xsi="http://www.w3.org/2001/XMLSchema-instance" xsi:schemaLocation="http://www.loc.gov/MARC21/slim http://www.loc.gov/standards/marcxml/schema/MARC21slim.xsd"><leader>04205njm a2200865 c 4500</leader><controlfield tag="001">991000789209705502</controlfield><controlfield tag="005">20240322111549.0</controlfield><controlfield tag="007">sd#fsngnn|||ed</controlfield><controlfield tag="008">201011t19921992gw ornn| d|||||nn n ger|d</controlfield><datafield ind1="1" ind2=" " tag="024"><subfield code="a">022924645822</subfield></datafield><datafield ind1="0" ind2="2" tag="028"><subfield code="a">2292-46458-2</subfield><subfield code="b">Teldec</subfield></datafield><datafield ind1="0" ind2="0" tag="033"><subfield code="a">199010--</subfield><subfield code="b">6494</subfield><subfield code="c">V4</subfield></datafield><datafield ind1=" " ind2=" " tag="035"><subfield code="a">(swissbib)22932293X-41slsp_network</subfield></datafield><datafield ind1=" " ind2=" " tag="035"><subfield code="a">22932293X</subfield><subfield code="9">ExL</subfield></datafield><datafield ind1=" " ind2=" " tag="035"><subfield code="a">(IDSBB)006729713DSV01</subfield></datafield><datafield ind1=" " ind2=" " tag="035"><subfield code="a">(RERO)1533493-41slsp</subfield></datafield><datafield ind1=" " ind2=" " tag="035"><subfield code="a">(IDSLU)001072319ILU01</subfield></datafield><datafield ind1=" " ind2=" " tag="035"><subfield code="a">(OCoLC)27298777</subfield></datafield><datafield ind1=" " ind2=" " tag="035"><subfield code="a">(EXLNZ-41SLSP_NETWORK)991005015079705501</subfield></datafield><datafield ind1=" " ind2=" " tag="040"><subfield code="a">OBE</subfield><subfield code="b">ger</subfield><subfield code="e">rda</subfield><subfield code="d">CH-ZuSLS</subfield></datafield><datafield ind1="2" ind2=" " tag="045"><subfield code="b">d1795</subfield><subfield code="b">d1796</subfield></datafield><datafield ind1=" " ind2=" " tag="048"><subfield code="b">va01</subfield><subfield code="b">vc01</subfield><subfield code="b">vd01</subfield><subfield code="a">vf01</subfield><subfield code="a">ca</subfield><subfield code="a">oa</subfield></datafield><datafield ind1=" " ind2="4" tag="050"><subfield code="a">M2000.H35</subfield><subfield code="b">S54 1992</subfield></datafield><datafield ind1=" " ind2="7" tag="072"><subfield code="a">mu</subfield><subfield code="2">rero</subfield></datafield><datafield ind1=" " ind2="7" tag="072"><subfield code="a">480</subfield><subfield code="2">IDS LU</subfield></datafield><datafield ind1="1" ind2="4" tag="082"><subfield code="a">780</subfield><subfield code="2">15</subfield></datafield><datafield ind1="7" ind2="4" tag="082"><subfield code="a">780</subfield><subfield code="2">23sdnb</subfield></datafield><datafield ind1="1" ind2=" " tag="100"><subfield code="a">Haydn, Joseph</subfield><subfield code="d">1732-1809</subfield><subfield code="6">880-01</subfield><subfield code="0">(DE-588)118547356</subfield><subfield code="4">cmp</subfield></datafield><datafield ind1="1" ind2=" " tag="880"><subfield code="6">100-01</subfield><subfield code="a">Haydn, Joseph</subfield><subfield code="d">1732-1809</subfield><subfield code="0">(IDREF)030260868</subfield><subfield code="4">cmp</subfield></datafield><datafield ind1="1" ind2="0" tag="240"><subfield code="a">&lt;&lt;Die&gt;&gt; sieben letzten Worte unseres Erlösers am Kreuze</subfield></datafield><datafield ind1="1" ind2="0" tag="245"><subfield code="a">&lt;&lt;Die&gt;&gt; sieben letzten Worte unseres Erlösers am Kreuze</subfield><subfield code="b">vocal version</subfield><subfield code="c">Haydn</subfield></datafield><datafield ind1="1" ind2="1" tag="246"><subfield code="a">&lt;&lt;The&gt;&gt; seven last words of Christ on the cross</subfield></datafield><datafield ind1="1" ind2="1" tag="246"><subfield code="a">&lt;&lt;Les&gt;&gt; sept dernières paroles de notre Sauveur sur la croix</subfield></datafield><datafield ind1=" " ind2="1" tag="264"><subfield code="a">[Hamburg]</subfield><subfield code="b">Teldec</subfield><subfield code="c">[1992]</subfield></datafield><datafield ind1=" " ind2="4" tag="264"><subfield code="c">© 1992</subfield></datafield><datafield ind1=" " ind2=" " tag="300"><subfield code="a">1 CD</subfield><subfield code="e">1 Begleitheft</subfield></datafield><datafield ind1=" " ind2=" " tag="306"><subfield code="a">010241</subfield></datafield><datafield ind1=" " ind2=" " tag="336"><subfield code="b">prm</subfield><subfield code="2">rdacontent</subfield></datafield><datafield ind1=" " ind2=" " tag="337"><subfield code="b">s</subfield><subfield code="2">rdamedia</subfield></datafield><datafield ind1=" " ind2=" " tag="338"><subfield code="b">sd</subfield><subfield code="2">rdacarrier</subfield></datafield><datafield ind1=" " ind2=" " tag="382"><subfield code="a">Singstimme</subfield><subfield code="n">mehrere</subfield><subfield code="a">Gemischter Chor</subfield><subfield code="n">1</subfield><subfield code="a">Orchester</subfield><subfield code="n">1</subfield><subfield code="2">idsmusi</subfield></datafield><datafield ind1="0" ind2=" " tag="490"><subfield code="a">Das Alte Werk</subfield></datafield><datafield ind1=" " ind2=" " tag="500"><subfield code="a">Oratorio sung in German</subfield></datafield><datafield ind1=" " ind2=" " tag="500"><subfield code="a">Program notes by Hartmut Krones and libretto in German with English and French translations</subfield></datafield><datafield ind1="0" ind2="0" tag="505"><subfield code="t">Introduzione</subfield><subfield code="t">no. 1 Vater, vergib ihnen</subfield><subfield code="t">no. 2 Furwahr, ich sag es dir</subfield><subfield code="t">no. 3 Frau, hier siehe deinen Sohn</subfield><subfield code="t">no. 4 Mein Gott, mein Gott</subfield><subfield code="t">Introduzione</subfield><subfield code="t">no. 5 Jesus rufet</subfield><subfield code="t">no. 6 Es ist vollbracht</subfield><subfield code="t">no. 7 Vater, in deine Hande</subfield><subfield code="t">Terremoto, Er ist nicht mehr</subfield></datafield><datafield ind1="1" ind2=" " tag="511"><subfield code="a">Nikolaus Harnoncourt (direction) ; inga Nielsen (soprano) ; Margareta Hintermeier (contralto) ; Anthony Rolfe Johnson (ténor) ; Robert Holl (basse) ; Arnold-Schönberg-Chor ; Concentus Musicus</subfield></datafield><datafield ind1=" " ind2=" " tag="518"><subfield code="a">Aufnahme: Wien, Casino Zögernitz, Oktober 1990</subfield></datafield><datafield ind1=" " ind2="0" tag="650"><subfield code="a">Oratorios</subfield></datafield><datafield ind1=" " ind2="0" tag="650"><subfield code="a">Passion music</subfield></datafield><datafield ind1=" " ind2="7" tag="650"><subfield code="a">Oratorios</subfield><subfield code="2">fast</subfield></datafield><datafield ind1=" " ind2="7" tag="650"><subfield code="a">Passion music</subfield><subfield code="2">fast</subfield></datafield><datafield ind1=" " ind2="7" tag="650"><subfield code="a">Musique vocale chrétienne</subfield><subfield code="0">(IDREF)027829782</subfield><subfield code="2">idref</subfield></datafield><datafield ind1=" " ind2="7" tag="650"><subfield code="a">Classicisme (musique)</subfield><subfield code="0">(IDREF)027286169</subfield><subfield code="2">idref</subfield></datafield><datafield ind1=" " ind2="7" tag="650"><subfield code="a">Musique de la Passion</subfield><subfield code="0">(IDREF)027508048</subfield><subfield code="2">idref</subfield></datafield><datafield ind1=" " ind2="7" tag="650"><subfield code="a">Musique de la Semaine sainte</subfield><subfield code="0">(IDREF)032974345</subfield><subfield code="2">idref</subfield></datafield><datafield ind1=" " ind2="7" tag="655"><subfield code="a">Oratorium</subfield><subfield code="y">18. Jh.</subfield><subfield code="2">idsmusg</subfield></datafield><datafield ind1=" " ind2="7" tag="655"><subfield code="a">Disques compacts</subfield><subfield code="0">(IDREF)027710130</subfield><subfield code="2">idref</subfield></datafield><datafield ind1=" " ind2="7" tag="655"><subfield code="a">CD</subfield><subfield code="2">gnd-carrier</subfield></datafield><datafield ind1=" " ind2=" " tag="690"><subfield code="a">Oratorium</subfield><subfield code="q">Singstimme (mehrere), Chor, Orchester</subfield><subfield code="t">18. Jh.</subfield><subfield code="v">Ton</subfield><subfield code="2">ids-music</subfield></datafield><datafield ind1=" " ind2=" " tag="690"><subfield code="a">Geistliche Musik</subfield><subfield code="b">Ostern/Pfingsten</subfield><subfield code="2">rzs-LB</subfield></datafield><datafield ind1="1" ind2="2" tag="700"><subfield code="a">Haydn, Joseph</subfield><subfield code="d">1732-1809</subfield><subfield code="t">&lt;&lt;Die&gt;&gt; sieben letzten Worte unseres Erlösers am Kreuze</subfield><subfield code="m">Soli, choeur, orchestre</subfield></datafield><datafield ind1="1" ind2="2" tag="700"><subfield code="a">Haydn, Joseph</subfield><subfield code="d">1732-1809</subfield><subfield code="t">&lt;&lt;Die&gt;&gt; sieben letzten Worte unseres Erlösers am Kreuze</subfield><subfield code="0">(DE-588)30007011X</subfield></datafield><datafield ind1="1" ind2=" " tag="700"><subfield code="a">Rolfe Johnson, Anthony</subfield><subfield code="d">1940-2010</subfield><subfield code="6">880-02</subfield><subfield code="0">(DE-588)129365882</subfield><subfield code="4">sng</subfield></datafield><datafield ind1="1" ind2=" " tag="880"><subfield code="6">700-02</subfield><subfield code="a">Rolfe Johnson, Anthony</subfield><subfield code="d">1940-2010</subfield><subfield code="0">(IDREF)074302744</subfield><subfield code="4">sng</subfield></datafield><datafield ind1="1" ind2=" " tag="700"><subfield code="a">Holl, Robert</subfield><subfield code="d">1947-</subfield><subfield code="6">880-03</subfield><subfield code="0">(DE-588)120269309</subfield><subfield code="4">sng</subfield></datafield><datafield ind1="1" ind2=" " tag="880"><subfield code="6">700-03</subfield><subfield code="a">Holl, Robert</subfield><subfield code="d">1947-....</subfield><subfield code="0">(IDREF)075025086</subfield><subfield code="4">sng</subfield></datafield><datafield ind1="1" ind2=" " tag="700"><subfield code="a">Nielsen, Inga</subfield><subfield code="d">1946-2008</subfield><subfield code="6">880-05</subfield><subfield code="0">(DE-588)133358860</subfield><subfield code="4">sng</subfield></datafield><datafield ind1="1" ind2=" " tag="880"><subfield code="6">700-05</subfield><subfield code="a">Nielsen, Inga</subfield><subfield code="d">1946-2008</subfield><subfield code="0">(IDREF)075025132</subfield><subfield code="4">sng</subfield></datafield><datafield ind1="1" ind2=" " tag="700"><subfield code="a">Hintermeier, Margareta</subfield><subfield code="d">1954-</subfield><subfield code="6">880-06</subfield><subfield code="0">(DE-588)134696247</subfield><subfield code="4">sng</subfield></datafield><datafield ind1="1" ind2=" " tag="880"><subfield code="6">700-06</subfield><subfield code="a">Hintermeier, Margareta</subfield><subfield code="d">1954-....</subfield><subfield code="0">(IDREF)075023407</subfield><subfield code="4">sng</subfield></datafield><datafield ind1="1" ind2=" " tag="700"><subfield code="a">Harnoncourt, Nikolaus</subfield><subfield code="d">1929-2016</subfield><subfield code="6">880-07</subfield><subfield code="0">(DE-588)12162692X</subfield><subfield code="4">cnd</subfield></datafield><datafield ind1="1" ind2=" " tag="880"><subfield code="6">700-07</subfield><subfield code="a">Harnoncourt, Nikolaus</subfield><subfield code="d">1929-2016</subfield><subfield code="0">(IDREF)028272722</subfield><subfield code="4">cnd</subfield></datafield><datafield ind1="2" ind2=" " tag="710"><subfield code="a">Arnold Schoenberg Chor</subfield><subfield code="6">880-10</subfield><subfield code="0">(DE-588)802955-6</subfield><subfield code="4">sng</subfield></datafield><datafield ind1="2" ind2=" " tag="880"><subfield code="6">710-10/(B</subfield><subfield code="a">Arnold Schoenberg Chor</subfield><subfield code="g">Vienne, Autriche</subfield><subfield code="0">(IDREF)074276492</subfield><subfield code="4">sng</subfield></datafield><datafield ind1="2" ind2=" " tag="710"><subfield code="6">880-09</subfield><subfield code="a">Concentus Musicus Wien</subfield><subfield code="0">(DE-588)1097154-3</subfield><subfield code="4">itr</subfield></datafield><datafield ind1="2" ind2=" " tag="880"><subfield code="6">710-09</subfield><subfield code="a">Concentus musicus</subfield><subfield code="g">Wien</subfield><subfield code="0">(IDREF)075025442</subfield><subfield code="4">itr</subfield></datafield><datafield ind1=" " ind2=" " tag="960"><subfield code="2">matmu</subfield><subfield code="a">Autriche ; XVIIIe ; Classicisme ; oratorios ; orchestre, choeur et récitant</subfield><subfield code="9">local</subfield></datafield></record>
</metadata></record>