<record><header><identifier>oai:alma.41SLSP_UGE:991000778999705502</identifier><datestamp>2023-03-03T01:08:07Z</datestamp><setSpec>uge_bcen_RapidILL_BOOK</setSpec><setSpec>uge_aaca_RapidILL_BOOK</setSpec><setSpec>uge_abels_RapidILL_BOOK</setSpec><setSpec>uge_dbu_RapidILL_BOOK</setSpec><setSpec>uge_cmu_RapidILL_BOOK</setSpec><setSpec>uge_mail_RapidILL_BOOK</setSpec><setSpec>uge_abbat_RapidILL_BOOK</setSpec><setSpec>UNIGE_ALL</setSpec><setSpec>uge_acar_RapidILL_BOOK</setSpec><setSpec>uge_aobs_RapidILL_BOOK</setSpec></header><metadata>
<record xmlns="http://www.loc.gov/MARC21/slim" xmlns:xsi="http://www.w3.org/2001/XMLSchema-instance" xsi:schemaLocation="http://www.loc.gov/MARC21/slim http://www.loc.gov/standards/marcxml/schema/MARC21slim.xsd"><leader>01483nam a22003372c 4500</leader><controlfield tag="001">991000778999705502</controlfield><controlfield tag="005">20230302191832.0</controlfield><controlfield tag="008">140902s2007    ja ||||| |||| 00| ||jpn d</controlfield><datafield ind1=" " ind2=" " tag="020"><subfield code="a">434481097X</subfield></datafield><datafield ind1=" " ind2=" " tag="020"><subfield code="a">9784344810976</subfield></datafield><datafield ind1=" " ind2=" " tag="035"><subfield code="a">(swissbib)120503743-41slsp_network</subfield></datafield><datafield ind1=" " ind2=" " tag="035"><subfield code="a">120503743</subfield><subfield code="9">ExL</subfield></datafield><datafield ind1=" " ind2=" " tag="035"><subfield code="a">(RERO)R007864260-41slsp</subfield></datafield><datafield ind1=" " ind2=" " tag="035"><subfield code="a">(EXLNZ-41SLSP_NETWORK)991093454949705501</subfield></datafield><datafield ind1=" " ind2=" " tag="040"><subfield code="a">JTNDL</subfield><subfield code="d">CH-ZuSLS</subfield></datafield><datafield ind1=" " ind2="7" tag="072"><subfield code="a">or</subfield><subfield code="2">rero</subfield></datafield><datafield ind1="0" ind2="0" tag="245"><subfield code="6">880-01</subfield><subfield code="a">Shitteru yōde shiranai nihon no sahō</subfield><subfield code="c">Mori Kayō, Kotoba Tanteidan</subfield></datafield><datafield ind1="0" ind2="0" tag="880"><subfield code="6">245-01/$1</subfield><subfield code="a">知ってるようで知らない日本の作法</subfield><subfield code="c">森荷葉,ことば探偵団著</subfield></datafield><datafield ind1=" " ind2="1" tag="264"><subfield code="6">880-02</subfield><subfield code="a">Tōkyō</subfield><subfield code="b">Gentōsha Komikkusu</subfield><subfield code="c">2007</subfield></datafield><datafield ind1=" " ind2="1" tag="880"><subfield code="6">264-02/$1</subfield><subfield code="a">東京</subfield><subfield code="b">幻冬舎コミックス</subfield><subfield code="c">2007</subfield></datafield><datafield ind1=" " ind2=" " tag="300"><subfield code="a">125 p.</subfield><subfield code="c">19 cm</subfield></datafield><datafield ind1=" " ind2=" " tag="336"><subfield code="b">txt</subfield><subfield code="2">rdacontent</subfield></datafield><datafield ind1=" " ind2=" " tag="337"><subfield code="b">n</subfield><subfield code="2">rdamedia</subfield></datafield><datafield ind1=" " ind2=" " tag="338"><subfield code="b">nc</subfield><subfield code="2">rdacarrier</subfield></datafield><datafield ind1=" " ind2="7" tag="650"><subfield code="a">Savoir-vivre</subfield><subfield code="0">(IDREF)027248224</subfield><subfield code="2">idref</subfield></datafield><datafield ind1=" " ind2="7" tag="650"><subfield code="a">Moeurs et coutumes</subfield><subfield code="0">(IDREF)027239640</subfield><subfield code="2">idref</subfield></datafield><datafield ind1="1" ind2=" " tag="700"><subfield code="6">880-03</subfield><subfield code="a">Mori, Kayō</subfield><subfield code="0">(RERO)A024741482</subfield></datafield><datafield ind1="1" ind2=" " tag="880"><subfield code="6">700-03/$1</subfield><subfield code="a">森荷葉</subfield></datafield><datafield ind1="2" ind2=" " tag="710"><subfield code="6">880-04</subfield><subfield code="a">Kotoba Tanteidan</subfield><subfield code="0">(RERO)A024739572</subfield></datafield><datafield ind1="2" ind2=" " tag="880"><subfield code="6">710-04/$1</subfield><subfield code="a">ことば探偵団</subfield></datafield><datafield ind1=" " ind2=" " tag="900"><subfield code="a">REROnoselfmerge</subfield></datafield><datafield ind1=" " ind2=" " tag="910"><subfield code="a">OCoLC</subfield><subfield code="b">20140902</subfield><subfield code="c">Droits réservés</subfield></datafield></record>
</metadata></record>