<record><header><identifier>oai:alma.41SLSP_UGE:991000789729705502</identifier><datestamp>2023-04-08T00:14:52Z</datestamp><setSpec>uge_bcen_RapidILL_BOOK</setSpec><setSpec>uge_aaca_RapidILL_BOOK</setSpec><setSpec>uge_abels_RapidILL_BOOK</setSpec><setSpec>uge_dbu_RapidILL_BOOK</setSpec><setSpec>uge_cmu_RapidILL_BOOK</setSpec><setSpec>uge_mail_RapidILL_BOOK</setSpec><setSpec>uge_abbat_RapidILL_BOOK</setSpec><setSpec>UNIGE_ALL</setSpec><setSpec>uge_acar_RapidILL_BOOK</setSpec><setSpec>uge_aobs_RapidILL_BOOK</setSpec></header><metadata>
<record xmlns="http://www.loc.gov/MARC21/slim" xmlns:xsi="http://www.w3.org/2001/XMLSchema-instance" xsi:schemaLocation="http://www.loc.gov/MARC21/slim http://www.loc.gov/standards/marcxml/schema/MARC21slim.xsd"><leader>03185nam a2200781 c 4500</leader><controlfield tag="001">991000789729705502</controlfield><controlfield tag="005">20230407201508.0</controlfield><controlfield tag="008">201011s1984    xxu||||| |||| 00| ||eng d</controlfield><datafield ind1=" " ind2=" " tag="020"><subfield code="a">0387908420</subfield><subfield code="q">New York</subfield></datafield><datafield ind1=" " ind2=" " tag="020"><subfield code="a">3540908420</subfield><subfield code="q">Berlin</subfield></datafield><datafield ind1=" " ind2=" " tag="035"><subfield code="a">(swissbib)224156284-41slsp_network</subfield></datafield><datafield ind1=" " ind2=" " tag="035"><subfield code="a">224156284</subfield><subfield code="9">ExL</subfield></datafield><datafield ind1=" " ind2=" " tag="035"><subfield code="a">(RERO)0590574-41slsp</subfield></datafield><datafield ind1=" " ind2=" " tag="035"><subfield code="a">(NEBIS)000303048EBI01</subfield></datafield><datafield ind1=" " ind2=" " tag="035"><subfield code="a">(EXLNZ-41SLSP_NETWORK)991093789069705501</subfield></datafield><datafield ind1=" " ind2=" " tag="040"><subfield code="a">RERO labcud</subfield><subfield code="d">CH-ZuSLS</subfield></datafield><datafield ind1=" " ind2="7" tag="072"><subfield code="a">se</subfield><subfield code="2">rero</subfield></datafield><datafield ind1=" " ind2="7" tag="072"><subfield code="a">in</subfield><subfield code="2">rero</subfield></datafield><datafield ind1="0" ind2="0" tag="082"><subfield code="a">001.4/34</subfield><subfield code="2">19</subfield></datafield><datafield ind1="0" ind2="4" tag="082"><subfield code="a">001.4'34</subfield></datafield><datafield ind1="0" ind2="4" tag="082"><subfield code="a">005.10724</subfield></datafield><datafield ind1="0" ind2="4" tag="082"><subfield code="a">006.3</subfield></datafield><datafield ind1="0" ind2="4" tag="082"><subfield code="a">006.332</subfield></datafield><datafield ind1="0" ind2="0" tag="245"><subfield code="a">On conceptual modelling</subfield><subfield code="b">perspectives from artificial intelligence, databases, and programming languages</subfield><subfield code="c">ed. by Michael L. Brodie, John Mylopoulos, Joachim W. Schmidt</subfield></datafield><datafield ind1=" " ind2="1" tag="264"><subfield code="a">New York [etc.]</subfield><subfield code="b">Springer</subfield><subfield code="c">[1984]</subfield></datafield><datafield ind1=" " ind2="4" tag="264"><subfield code="c">© 1984</subfield></datafield><datafield ind1=" " ind2=" " tag="300"><subfield code="a">XI, 510 p.</subfield><subfield code="c">24 cm</subfield><subfield code="b">fig.; tab.</subfield></datafield><datafield ind1=" " ind2=" " tag="336"><subfield code="b">txt</subfield><subfield code="2">rdacontent</subfield></datafield><datafield ind1=" " ind2=" " tag="337"><subfield code="b">n</subfield><subfield code="2">rdamedia</subfield></datafield><datafield ind1=" " ind2=" " tag="338"><subfield code="b">nc</subfield><subfield code="2">rdacarrier</subfield></datafield><datafield ind1="1" ind2=" " tag="490"><subfield code="a">Topics in information systems</subfield></datafield><datafield ind1=" " ind2="7" tag="650"><subfield code="a">Intelligence artificielle</subfield><subfield code="0">(IDREF)027234541</subfield><subfield code="2">idref</subfield></datafield><datafield ind1=" " ind2="7" tag="650"><subfield code="a">Bases de données</subfield><subfield code="0">(IDREF)027220842</subfield><subfield code="2">idref</subfield></datafield><datafield ind1=" " ind2="7" tag="650"><subfield code="a">Modélisation des données (informatique)</subfield><subfield code="0">(IDREF)203675797</subfield><subfield code="2">idref</subfield></datafield><datafield ind1=" " ind2="7" tag="650"><subfield code="a">Langages de programmation</subfield><subfield code="0">(IDREF)027235912</subfield><subfield code="2">idref</subfield></datafield><datafield ind1=" " ind2="7" tag="650"><subfield code="a">Conception assistée par ordinateur</subfield><subfield code="0">(IDREF)027723275</subfield><subfield code="2">idref</subfield></datafield><datafield ind1=" " ind2="7" tag="650"><subfield code="a">Systèmes, Conception de</subfield><subfield code="0">(IDREF)027442306</subfield><subfield code="2">idref</subfield></datafield><datafield ind1=" " ind2="7" tag="650"><subfield code="a">Computer</subfield><subfield code="0">(DE-588)4070083-5</subfield><subfield code="2">gnd</subfield></datafield><datafield ind1=" " ind2="7" tag="650"><subfield code="a">Computersimulation</subfield><subfield code="0">(DE-588)4148259-1</subfield><subfield code="2">gnd</subfield></datafield><datafield ind1=" " ind2="7" tag="650"><subfield code="a">Datenbanksystem</subfield><subfield code="0">(DE-588)4113276-2</subfield><subfield code="2">gnd</subfield></datafield><datafield ind1=" " ind2="7" tag="650"><subfield code="a">Datenverarbeitung</subfield><subfield code="0">(DE-588)4011152-0</subfield><subfield code="2">gnd</subfield></datafield><datafield ind1=" " ind2="7" tag="650"><subfield code="a">Kongress</subfield><subfield code="0">(DE-588)4130470-6</subfield><subfield code="2">gnd</subfield></datafield><datafield ind1=" " ind2="7" tag="650"><subfield code="a">Künstliche Intelligenz</subfield><subfield code="0">(DE-588)4033447-8</subfield><subfield code="2">gnd</subfield></datafield><datafield ind1=" " ind2="7" tag="650"><subfield code="a">Modell</subfield><subfield code="0">(DE-588)4039798-1</subfield><subfield code="2">gnd</subfield></datafield><datafield ind1=" " ind2="7" tag="650"><subfield code="a">Modellierung</subfield><subfield code="0">(DE-588)4170297-9</subfield><subfield code="2">gnd</subfield></datafield><datafield ind1=" " ind2="7" tag="650"><subfield code="a">Organisation</subfield><subfield code="0">(DE-588)4043774-7</subfield><subfield code="2">gnd</subfield></datafield><datafield ind1=" " ind2="7" tag="650"><subfield code="a">Programmiersprache</subfield><subfield code="0">(DE-588)4047409-4</subfield><subfield code="2">gnd</subfield></datafield><datafield ind1=" " ind2="0" tag="650"><subfield code="a">Artificial intelligence</subfield></datafield><datafield ind1=" " ind2="0" tag="650"><subfield code="a">Database management</subfield></datafield><datafield ind1=" " ind2="0" tag="650"><subfield code="a">Datenbank</subfield></datafield><datafield ind1=" " ind2="0" tag="650"><subfield code="a">Digital computer simulation</subfield></datafield><datafield ind1=" " ind2="0" tag="650"><subfield code="a">Konzeptionelle Modellierung</subfield></datafield><datafield ind1=" " ind2="0" tag="650"><subfield code="a">Künstliche Intelligenz</subfield></datafield><datafield ind1=" " ind2="0" tag="650"><subfield code="a">Programmiersprache</subfield></datafield><datafield ind1=" " ind2="0" tag="650"><subfield code="a">Programming languages (Electronic computers)</subfield></datafield><datafield ind1=" " ind2="7" tag="650"><subfield code="a">DATENBANKEN (INFORMATIONSSYSTEME)</subfield><subfield code="9">ger</subfield><subfield code="0">(ETHUDK)000013727</subfield><subfield code="2">ethudk</subfield></datafield><datafield ind1=" " ind2="7" tag="650"><subfield code="a">KONZEPTUELLE STRUKTUREN (KÜNSTLICHE INTELLIGENZ)</subfield><subfield code="9">ger</subfield><subfield code="0">(ETHUDK)000049398</subfield><subfield code="2">ethudk</subfield></datafield><datafield ind1=" " ind2="7" tag="650"><subfield code="a">KONZEPTUELLES MODELLIEREN</subfield><subfield code="9">ger</subfield><subfield code="0">(ETHUDK)000044112</subfield><subfield code="2">ethudk</subfield></datafield><datafield ind1=" " ind2="7" tag="655"><subfield code="a">[Études diverses]</subfield><subfield code="0">(RERO)A022249905</subfield><subfield code="2">rero</subfield></datafield><datafield ind1=" " ind2="7" tag="655"><subfield code="a">Konferenzschrift</subfield><subfield code="z">Intervale (NH)</subfield><subfield code="y">1982/06</subfield><subfield code="2">gnd-content</subfield></datafield><datafield ind1=" " ind2=" " tag="690"><subfield code="a">Datenbank / Abhandlungen, Vorträge</subfield><subfield code="2">uzb-Z9</subfield></datafield><datafield ind1=" " ind2=" " tag="690"><subfield code="a">Programmiersprache</subfield><subfield code="2">uzb-Z9</subfield></datafield><datafield ind1=" " ind2=" " tag="690"><subfield code="a">H.2</subfield><subfield code="d">DATABASE MANAGEMENT</subfield><subfield code="2">uzb-UM</subfield></datafield><datafield ind1=" " ind2=" " tag="690"><subfield code="a">D.3</subfield><subfield code="d">PROGRAMMING LANGUAGES</subfield><subfield code="2">uzb-UM</subfield></datafield><datafield ind1="1" ind2=" " tag="700"><subfield code="a">Mylopoulos, John P.</subfield><subfield code="d">1943-</subfield><subfield code="0">(DE-588)1089492294</subfield></datafield><datafield ind1="1" ind2=" " tag="700"><subfield code="a">Schmidt, Joachim W.</subfield></datafield><datafield ind1="1" ind2=" " tag="700"><subfield code="a">Brodie, Michael L.</subfield><subfield code="0">(IDREF)034317627</subfield><subfield code="4">edt</subfield></datafield><datafield ind1=" " ind2=" " tag="830"><subfield code="a">Topics in Information Systems</subfield><subfield code="w">(RERO)0590569-41slsp</subfield></datafield><datafield ind1=" " ind2=" " tag="900"><subfield code="a">REROnoselfmerge</subfield></datafield></record>
</metadata></record>