<record><header><identifier>oai:alma.41SLSP_UGE:991000789419705502</identifier><datestamp>2023-06-30T00:18:40Z</datestamp><setSpec>uge_bcen_RapidILL_BOOK</setSpec><setSpec>uge_aaca_RapidILL_BOOK</setSpec><setSpec>uge_abels_RapidILL_BOOK</setSpec><setSpec>uge_dbu_RapidILL_BOOK</setSpec><setSpec>uge_cmu_RapidILL_BOOK</setSpec><setSpec>uge_mail_RapidILL_BOOK</setSpec><setSpec>uge_abbat_RapidILL_BOOK</setSpec><setSpec>UNIGE_ALL</setSpec><setSpec>uge_acar_RapidILL_BOOK</setSpec><setSpec>uge_aobs_RapidILL_BOOK</setSpec></header><metadata>
<record xmlns="http://www.loc.gov/MARC21/slim" xmlns:xsi="http://www.w3.org/2001/XMLSchema-instance" xsi:schemaLocation="http://www.loc.gov/MARC21/slim http://www.loc.gov/standards/marcxml/schema/MARC21slim.xsd"><leader>02632nam a2200589 c 4500</leader><controlfield tag="001">991000789419705502</controlfield><controlfield tag="005">20230409171815.0</controlfield><controlfield tag="008">201012s2016    xxk           00| | eng|d</controlfield><datafield ind1=" " ind2=" " tag="015"><subfield code="a">GBB683636</subfield><subfield code="2">bnb</subfield></datafield><datafield ind1="7" ind2=" " tag="016"><subfield code="a">017887939</subfield><subfield code="2">Uk</subfield></datafield><datafield ind1=" " ind2=" " tag="020"><subfield code="a">9780198783244</subfield></datafield><datafield ind1=" " ind2=" " tag="035"><subfield code="a">(swissbib)234663669-41slsp_network</subfield></datafield><datafield ind1=" " ind2=" " tag="035"><subfield code="a">234663669</subfield><subfield code="9">ExL</subfield></datafield><datafield ind1=" " ind2=" " tag="035"><subfield code="a">(NEBIS)010671291EBI01</subfield></datafield><datafield ind1=" " ind2=" " tag="035"><subfield code="a">(RERO)R008485015-41slsp</subfield></datafield><datafield ind1=" " ind2=" " tag="035"><subfield code="a">(EXLNZ-41SLSP_NETWORK)991103512979705501</subfield></datafield><datafield ind1=" " ind2=" " tag="040"><subfield code="a">StDuBDS</subfield><subfield code="b">ger</subfield><subfield code="e">rda</subfield><subfield code="d">CH-ZuSLS</subfield></datafield><datafield ind1=" " ind2="7" tag="072"><subfield code="a">py</subfield><subfield code="2">rero</subfield></datafield><datafield ind1="0" ind2="4" tag="082"><subfield code="a">539.72</subfield><subfield code="2">23</subfield></datafield><datafield ind1=" " ind2=" " tag="084"><subfield code="a">UB 5180</subfield><subfield code="2">rvk</subfield></datafield><datafield ind1=" " ind2=" " tag="084"><subfield code="a">UO 1000</subfield><subfield code="2">rvk</subfield></datafield><datafield ind1=" " ind2=" " tag="084"><subfield code="a">UO 6400</subfield><subfield code="2">rvk</subfield></datafield><datafield ind1="1" ind2=" " tag="100"><subfield code="a">Gagnon, Pauline</subfield><subfield code="d">1955-</subfield><subfield code="0">(DE-588)1106577272</subfield><subfield code="e">Verfasser</subfield><subfield code="4">aut</subfield><subfield code="6">880-01</subfield></datafield><datafield ind1="1" ind2=" " tag="880"><subfield code="6">100-01</subfield><subfield code="a">Gagnon, Pauline</subfield><subfield code="d">1955-....</subfield><subfield code="0">(IDREF)184706157</subfield><subfield code="4">cre</subfield></datafield><datafield ind1="1" ind2="0" tag="245"><subfield code="a">Who cares about particle physics?</subfield><subfield code="b">Making sense of the Higgs Boson, the Large Hadron Collider and CERN</subfield><subfield code="c">Pauline Gagnon</subfield></datafield><datafield ind1=" " ind2=" " tag="250"><subfield code="a">First edition</subfield></datafield><datafield ind1=" " ind2=" " tag="263"><subfield code="a">201607</subfield></datafield><datafield ind1=" " ind2="1" tag="264"><subfield code="a">Oxford</subfield><subfield code="b">Oxford University Press</subfield><subfield code="c">2016</subfield></datafield><datafield ind1=" " ind2=" " tag="300"><subfield code="a">xvii, 248 Seiten</subfield><subfield code="b">Ilustrationen</subfield></datafield><datafield ind1=" " ind2=" " tag="336"><subfield code="b">txt</subfield><subfield code="2">rdacontent</subfield></datafield><datafield ind1=" " ind2=" " tag="337"><subfield code="b">n</subfield><subfield code="2">rdamedia</subfield></datafield><datafield ind1=" " ind2=" " tag="338"><subfield code="b">nc</subfield><subfield code="2">rdacarrier</subfield></datafield><datafield ind1="2" ind2="7" tag="610"><subfield code="a">CERN</subfield><subfield code="0">(DE-588)1020028-9</subfield><subfield code="2">gnd</subfield></datafield><datafield ind1="2" ind2="7" tag="610"><subfield code="a">Centre européen pour la recherche nucléaire</subfield><subfield code="0">(IDREF)026603268</subfield><subfield code="2">idref</subfield></datafield><datafield ind1=" " ind2="7" tag="650"><subfield code="a">Elementarteilchenphysik</subfield><subfield code="0">(DE-588)4014414-8</subfield><subfield code="2">gnd</subfield></datafield><datafield ind1=" " ind2="7" tag="650"><subfield code="a">Forschung</subfield><subfield code="0">(DE-588)4017894-8</subfield><subfield code="2">gnd</subfield></datafield><datafield ind1=" " ind2="7" tag="650"><subfield code="a">Higgs-Teilchen</subfield><subfield code="0">(DE-588)4209328-4</subfield><subfield code="2">gnd</subfield></datafield><datafield ind1=" " ind2="7" tag="650"><subfield code="a">Hochenergiephysik</subfield><subfield code="0">(DE-588)4127286-9</subfield><subfield code="2">gnd</subfield></datafield><datafield ind1=" " ind2="7" tag="650"><subfield code="a">Dunkle Materie</subfield><subfield code="0">(DE-588)4230260-2</subfield><subfield code="2">gnd</subfield></datafield><datafield ind1=" " ind2="7" tag="650"><subfield code="a">COLLIDER + SUPERCOLLIDER (TEILCHENBESCHLEUNIGER)</subfield><subfield code="9">ger</subfield><subfield code="0">(ETHUDK)000041873</subfield><subfield code="2">ethudk</subfield></datafield><datafield ind1=" " ind2="7" tag="650"><subfield code="a">ELEMENTARTEILCHENPHYSIK</subfield><subfield code="9">ger</subfield><subfield code="0">(ETHUDK)000015316</subfield><subfield code="2">ethudk</subfield></datafield><datafield ind1=" " ind2="7" tag="650"><subfield code="a">HOCHENERGIEPHYSIK (TEILCHENPHYSIK)</subfield><subfield code="9">ger</subfield><subfield code="0">(ETHUDK)000015346</subfield><subfield code="2">ethudk</subfield></datafield><datafield ind1=" " ind2="7" tag="650"><subfield code="a">KOSMISCHE STRAHLUNG (ASTRONOMIE)</subfield><subfield code="9">ger</subfield><subfield code="0">(ETHUDK)000014045</subfield><subfield code="2">ethudk</subfield></datafield><datafield ind1=" " ind2="7" tag="650"><subfield code="a">POPULARISIERUNG DER WISSENSCHAFT</subfield><subfield code="9">ger</subfield><subfield code="0">(ETHUDK)000009018</subfield><subfield code="2">ethudk</subfield></datafield><datafield ind1=" " ind2="0" tag="650"><subfield code="a">Particles (Nuclear physics)</subfield></datafield><datafield ind1=" " ind2="7" tag="650"><subfield code="a">Particules (physique)</subfield><subfield code="0">(IDREF)027355152</subfield><subfield code="2">idref</subfield></datafield><datafield ind1=" " ind2="7" tag="650"><subfield code="a">Bosons de Higgs</subfield><subfield code="0">(IDREF)033070547</subfield><subfield code="2">idref</subfield></datafield><datafield ind1=" " ind2="7" tag="650"><subfield code="a">Grand collisionneur de hadrons</subfield><subfield code="0">(IDREF)132300591</subfield><subfield code="2">idref</subfield></datafield><datafield ind1="4" ind2=" " tag="856"><subfield code="3">Titelblatt und Inhaltsverzeichnis</subfield><subfield code="u">https://toc.library.ethz.ch/objects/pdf03/e01_978-0-19-878324-4_01.pdf</subfield><subfield code="q">pdf</subfield></datafield><datafield ind1="4" ind2=" " tag="856"><subfield code="3">Abstract / Autoreninformation</subfield><subfield code="u">https://toc.library.ethz.ch/objects/pdf03/e01_978-0-19-878324-4_02.pdf</subfield><subfield code="q">pdf</subfield></datafield><datafield ind1=" " ind2=" " tag="900"><subfield code="a">REROnoselfmerge</subfield></datafield><datafield ind1=" " ind2=" " tag="949"><subfield code="a">https://toc.library.ethz.ch/objects/pdf03/e01_978-0-19-878324-4_01.pdf</subfield></datafield><datafield ind1=" " ind2=" " tag="949"><subfield code="a">https://toc.library.ethz.ch/objects/pdf03/e01_978-0-19-878324-4_02.pdf</subfield></datafield></record>
</metadata></record>