<record><header><identifier>oai:alma.41SLSP_UGE:991000789519705502</identifier><datestamp>2024-09-15T00:06:22Z</datestamp><setSpec>uge_bcen_RapidILL_BOOK</setSpec><setSpec>uge_aaca_RapidILL_BOOK</setSpec><setSpec>uge_abels_RapidILL_BOOK</setSpec><setSpec>uge_dbu_RapidILL_BOOK</setSpec><setSpec>uge_cmu_RapidILL_BOOK</setSpec><setSpec>uge_mail_RapidILL_BOOK</setSpec><setSpec>UNIGE_ALL</setSpec><setSpec>uge_abbat_RapidILL_BOOK</setSpec><setSpec>uge_aobs_RapidILL_BOOK</setSpec><setSpec>uge_acar_RapidILL_BOOK</setSpec></header><metadata>
<record xmlns="http://www.loc.gov/MARC21/slim" xmlns:xsi="http://www.w3.org/2001/XMLSchema-instance" xsi:schemaLocation="http://www.loc.gov/MARC21/slim http://www.loc.gov/standards/marcxml/schema/MARC21slim.xsd"><leader>01529nam a2200409 c 4500</leader><controlfield tag="001">991000789519705502</controlfield><controlfield tag="005">20240914053822.0</controlfield><controlfield tag="008">201011s1975    gw ||||| |||| 10| ||eng d</controlfield><datafield ind1=" " ind2=" " tag="020"><subfield code="a">3540073922</subfield><subfield code="q">Springer, Berlin</subfield></datafield><datafield ind1=" " ind2=" " tag="020"><subfield code="a">0387073922</subfield><subfield code="q">Springer, New York</subfield></datafield><datafield ind1=" " ind2=" " tag="035"><subfield code="a">(swissbib)222484705-41slsp_network</subfield></datafield><datafield ind1=" " ind2=" " tag="035"><subfield code="a">222484705</subfield><subfield code="9">ExL</subfield></datafield><datafield ind1=" " ind2=" " tag="035"><subfield code="a">(RERO)R266719560-41slsp</subfield></datafield><datafield ind1=" " ind2=" " tag="035"><subfield code="a">(NEBIS)000651125EBI01</subfield></datafield><datafield ind1=" " ind2=" " tag="035"><subfield code="a">(EXLNZ-41SLSP_NETWORK)991123705039705501</subfield></datafield><datafield ind1=" " ind2=" " tag="040"><subfield code="a">RERO geussm</subfield><subfield code="d">CH-ZuSLS</subfield></datafield><datafield ind1=" " ind2="7" tag="072"><subfield code="a">ma</subfield><subfield code="2">rero</subfield></datafield><datafield ind1="7" ind2="4" tag="082"><subfield code="a">27</subfield><subfield code="2">22sdnb</subfield></datafield><datafield ind1=" " ind2=" " tag="084"><subfield code="a">00.04</subfield><subfield code="2">msc</subfield></datafield><datafield ind1=" " ind2=" " tag="084"><subfield code="a">10</subfield><subfield code="2">msc</subfield></datafield><datafield ind1=" " ind2=" " tag="084"><subfield code="a">14</subfield><subfield code="2">msc</subfield></datafield><datafield ind1=" " ind2=" " tag="084"><subfield code="a">SI 850</subfield><subfield code="2">rvk</subfield></datafield><datafield ind1="0" ind2="0" tag="245"><subfield code="a">Modular functions of one variable IV</subfield><subfield code="b">proceedings of the International Summer School, University of Antwerp, RUCA, July 17-August 3, 1972</subfield><subfield code="c">ed. by B.J. Birch and W. Kuyk</subfield></datafield><datafield ind1=" " ind2="1" tag="264"><subfield code="a">Berlin [etc.]</subfield><subfield code="b">Springer</subfield><subfield code="c">1975</subfield></datafield><datafield ind1=" " ind2=" " tag="300"><subfield code="a">150 p.</subfield><subfield code="c">25 cm</subfield></datafield><datafield ind1=" " ind2=" " tag="336"><subfield code="b">txt</subfield><subfield code="2">rdacontent</subfield></datafield><datafield ind1=" " ind2=" " tag="337"><subfield code="b">n</subfield><subfield code="2">rdamedia</subfield></datafield><datafield ind1=" " ind2=" " tag="338"><subfield code="b">nc</subfield><subfield code="2">rdacarrier</subfield></datafield><datafield ind1="1" ind2=" " tag="490"><subfield code="a">Lecture notes in mathematics</subfield><subfield code="v">476</subfield></datafield><datafield ind1="1" ind2=" " tag="490"><subfield code="a">Modular functions of one variable</subfield><subfield code="v">4</subfield></datafield><datafield ind1="1" ind2=" " tag="490"><subfield code="a">Proceedings International Summer School</subfield><subfield code="v">vol. 4</subfield></datafield><datafield ind1=" " ind2="0" tag="650"><subfield code="a">Modular functions</subfield><subfield code="x">Congresses</subfield></datafield><datafield ind1=" " ind2="7" tag="650"><subfield code="a">Modulfunktion</subfield><subfield code="0">(DE-588)4039855-9</subfield><subfield code="2">gnd</subfield></datafield><datafield ind1="1" ind2=" " tag="700"><subfield code="a">Birch, Bryan John</subfield><subfield code="d">1915-1995</subfield><subfield code="0">(IDREF)07778118X</subfield></datafield><datafield ind1=" " ind2=" " tag="830"><subfield code="a">Lecture notes in mathematics</subfield><subfield code="v">476</subfield><subfield code="w">(NEBIS)000023275EBI01</subfield></datafield><datafield ind1=" " ind2=" " tag="830"><subfield code="a">Proceedings International Summer School</subfield><subfield code="v">4</subfield><subfield code="w">(NEBIS)000651120EBI01</subfield></datafield><datafield ind1=" " ind2=" " tag="830"><subfield code="a">Modular functions of one variable</subfield><subfield code="v">4</subfield><subfield code="w">(NEBIS)000520430EBI01</subfield></datafield><datafield ind1=" " ind2=" " tag="900"><subfield code="a">REROnoselfmerge</subfield></datafield></record>
</metadata></record>