<record><header><identifier>oai:alma.41SLSP_UGE:991000789919705502</identifier><datestamp>2023-04-13T00:09:43Z</datestamp><setSpec>uge_bcen_RapidILL_BOOK</setSpec><setSpec>uge_aaca_RapidILL_BOOK</setSpec><setSpec>uge_abels_RapidILL_BOOK</setSpec><setSpec>uge_dbu_RapidILL_BOOK</setSpec><setSpec>uge_cmu_RapidILL_BOOK</setSpec><setSpec>uge_mail_RapidILL_BOOK</setSpec><setSpec>uge_abbat_RapidILL_BOOK</setSpec><setSpec>UNIGE_ALL</setSpec><setSpec>uge_acar_RapidILL_BOOK</setSpec><setSpec>uge_aobs_RapidILL_BOOK</setSpec></header><metadata>
<record xmlns="http://www.loc.gov/MARC21/slim" xmlns:xsi="http://www.w3.org/2001/XMLSchema-instance" xsi:schemaLocation="http://www.loc.gov/MARC21/slim http://www.loc.gov/standards/marcxml/schema/MARC21slim.xsd"><leader>03199nam a2200637 c 4500</leader><controlfield tag="001">991000789919705502</controlfield><controlfield tag="005">20230412170519.0</controlfield><controlfield tag="008">201011s2019    fr       |||| 000 0 fre|d</controlfield><datafield ind1=" " ind2=" " tag="020"><subfield code="a">2354870507</subfield></datafield><datafield ind1=" " ind2=" " tag="020"><subfield code="a">9782354870508</subfield><subfield code="q">br.</subfield></datafield><datafield ind1=" " ind2=" " tag="035"><subfield code="a">(swissbib)228322502-41slsp_network</subfield></datafield><datafield ind1=" " ind2=" " tag="035"><subfield code="a">228322502</subfield><subfield code="9">ExL</subfield></datafield><datafield ind1=" " ind2=" " tag="035"><subfield code="a">(NEBIS)011478907EBI01</subfield></datafield><datafield ind1=" " ind2=" " tag="035"><subfield code="a">(RERO)R008994785-41slsp</subfield></datafield><datafield ind1=" " ind2=" " tag="035"><subfield code="a">(OCoLC)1112586242</subfield></datafield><datafield ind1=" " ind2=" " tag="035"><subfield code="a">(EXLNZ-41SLSP_NETWORK)991108703029705501</subfield></datafield><datafield ind1=" " ind2=" " tag="040"><subfield code="a">ERASP</subfield><subfield code="b">ger</subfield><subfield code="e">rda</subfield><subfield code="d">CH-ZuSLS</subfield></datafield><datafield ind1=" " ind2="4" tag="050"><subfield code="a">NA9000-9284</subfield></datafield><datafield ind1=" " ind2="7" tag="072"><subfield code="a">ur</subfield><subfield code="2">rero</subfield></datafield><datafield ind1="0" ind2="4" tag="082"><subfield code="a">388.109 4436</subfield><subfield code="2">23</subfield></datafield><datafield ind1="0" ind2="4" tag="082"><subfield code="a">711</subfield></datafield><datafield ind1="0" ind2="0" tag="245"><subfield code="a">&lt;&lt;Les&gt;&gt; routes du futur du Grand Paris</subfield><subfield code="b">consultation internationale</subfield><subfield code="c">Alexandre Labasse, architecte, directeur de la publication</subfield></datafield><datafield ind1=" " ind2="1" tag="264"><subfield code="a">[Paris]</subfield><subfield code="b">Pavillon de l'Arsenal</subfield><subfield code="c">[2019]</subfield></datafield><datafield ind1=" " ind2=" " tag="300"><subfield code="a">1 vol. (311 p.)</subfield><subfield code="b">ill. en noir et en coul., cartes, plans, couv. ill.</subfield><subfield code="c">30 cm</subfield></datafield><datafield ind1=" " ind2=" " tag="336"><subfield code="b">txt</subfield><subfield code="2">rdacontent</subfield></datafield><datafield ind1=" " ind2=" " tag="336"><subfield code="b">sti</subfield><subfield code="2">rdacontent</subfield></datafield><datafield ind1=" " ind2=" " tag="337"><subfield code="b">n</subfield><subfield code="2">rdamedia</subfield></datafield><datafield ind1=" " ind2=" " tag="338"><subfield code="b">nc</subfield><subfield code="2">rdacarrier</subfield></datafield><datafield ind1=" " ind2=" " tag="500"><subfield code="a">Ouvrage créé par le Pavillon de l'Arsenal, à l'occasion de l'exposition éponyme Juin 2019</subfield></datafield><datafield ind1=" " ind2=" " tag="504"><subfield code="a">Bibliogr. p. 307-309. Notes bibliogr</subfield></datafield><datafield ind1=" " ind2="7" tag="650"><subfield code="a">ABBILDUNGEN UND BILDWERKE (DOKUMENTENTYP)</subfield><subfield code="9">ger</subfield><subfield code="0">(ETHUDK)000000115</subfield><subfield code="2">ethudk</subfield></datafield><datafield ind1=" " ind2="7" tag="650"><subfield code="a">AUTOBAHNEN + AUTOSTRASSEN + SCHNELLSTRASSEN (STRASSENBAU)</subfield><subfield code="9">ger</subfield><subfield code="0">(ETHUDK)000030064</subfield><subfield code="2">ethudk</subfield></datafield><datafield ind1=" " ind2="7" tag="650"><subfield code="a">PARIS, STADT (FRANKREICH)</subfield><subfield code="9">ger</subfield><subfield code="0">(ETHUDK)000003345</subfield><subfield code="2">ethudk</subfield></datafield><datafield ind1=" " ind2="7" tag="650"><subfield code="a">PUBLIKATIONEN ZU TEMPORÄREN AUSSTELLUNGEN</subfield><subfield code="9">ger</subfield><subfield code="0">(ETHUDK)000009298</subfield><subfield code="2">ethudk</subfield></datafield><datafield ind1=" " ind2="7" tag="650"><subfield code="a">STADTVERKEHR + STADTVERKEHRSPLANUNG (VERKEHR UND TRANSPORT)</subfield><subfield code="9">ger</subfield><subfield code="0">(ETHUDK)000032321</subfield><subfield code="2">ethudk</subfield></datafield><datafield ind1=" " ind2="7" tag="650"><subfield code="a">STÄDTEBAULICHE ENTWICKLUNG (STÄDTEBAU)</subfield><subfield code="9">ger</subfield><subfield code="0">(ETHUDK)000036854</subfield><subfield code="2">ethudk</subfield></datafield><datafield ind1=" " ind2="7" tag="650"><subfield code="a">UMFAHRUNGSSTRASSEN + RINGSTRASSEN (STRASSENBAU)</subfield><subfield code="9">ger</subfield><subfield code="0">(ETHUDK)000030075</subfield><subfield code="2">ethudk</subfield></datafield><datafield ind1=" " ind2="7" tag="650"><subfield code="a">ÎLE-DE-FRANCE, REGION PARIS (FRANKREICH)</subfield><subfield code="9">ger</subfield><subfield code="0">(ETHUDK)000003336</subfield><subfield code="2">ethudk</subfield></datafield><datafield ind1=" " ind2="7" tag="650"><subfield code="a">Mobilité spatiale</subfield><subfield code="0">(IDREF)157157032</subfield><subfield code="2">idref</subfield></datafield><datafield ind1=" " ind2="7" tag="650"><subfield code="a">Aménagement du territoire</subfield><subfield code="0">(IDREF)027257479</subfield><subfield code="2">idref</subfield></datafield><datafield ind1=" " ind2="7" tag="650"><subfield code="a">Routes de ceinture</subfield><subfield code="0">(IDREF)027585735</subfield><subfield code="2">idref</subfield></datafield><datafield ind1=" " ind2="7" tag="650"><subfield code="a">Autoroutes</subfield><subfield code="0">(IDREF)027220583</subfield><subfield code="2">idref</subfield></datafield><datafield ind1=" " ind2="7" tag="650"><subfield code="a">Infrastructures de transport</subfield><subfield code="0">(IDREF)028023080</subfield><subfield code="2">idref</subfield></datafield><datafield ind1=" " ind2="7" tag="650"><subfield code="a">Projets d'urbanisme</subfield><subfield code="0">(IDREF)124429785</subfield><subfield code="2">idref</subfield></datafield><datafield ind1=" " ind2="7" tag="650"><subfield code="a">Routes</subfield><subfield code="0">(IDREF)027243052</subfield><subfield code="2">idref</subfield></datafield><datafield ind1=" " ind2="7" tag="650"><subfield code="a">21e siècle (début)</subfield><subfield code="0">(RERO)A022437388</subfield><subfield code="2">rero</subfield></datafield><datafield ind1=" " ind2="7" tag="650"><subfield code="a">Agglomérations urbaines</subfield><subfield code="0">(IDREF)027797120</subfield><subfield code="2">idref</subfield></datafield><datafield ind1=" " ind2="7" tag="651"><subfield code="a">Paris (France ; agglomération)</subfield><subfield code="0">(IDREF)027949117</subfield><subfield code="2">idref</subfield></datafield><datafield ind1=" " ind2="7" tag="655"><subfield code="a">Ausstellungskatalog</subfield><subfield code="z">Paris</subfield><subfield code="y">2019</subfield><subfield code="2">gnd-content</subfield></datafield><datafield ind1=" " ind2="7" tag="655"><subfield code="a">Catalogues d'exposition</subfield><subfield code="0">(IDREF)027320456</subfield><subfield code="2">idref</subfield></datafield><datafield ind1="1" ind2=" " tag="700"><subfield code="a">Labasse, Alexandre</subfield><subfield code="0">(DE-588)188404759</subfield><subfield code="e">Herausgeber</subfield><subfield code="4">edt</subfield></datafield><datafield ind1="2" ind2=" " tag="710"><subfield code="a">Pavillon de l'Arsenal</subfield><subfield code="g">Paris</subfield><subfield code="4">edt</subfield><subfield code="0">(IDREF)029427525</subfield></datafield><datafield ind1="2" ind2=" " tag="710"><subfield code="a">Pavillon de l'Arsenal</subfield><subfield code="0">(DE-588)2113602-6</subfield><subfield code="e">Gastgebende Institution</subfield><subfield code="4">his</subfield></datafield><datafield ind1="4" ind2=" " tag="856"><subfield code="3">Titelblatt und Inhaltsverzeichnis</subfield><subfield code="u">https://toc.library.ethz.ch/objects/pdf03/e03_978-2-35487-050-8_01.pdf</subfield><subfield code="q">pdf</subfield></datafield><datafield ind1=" " ind2=" " tag="900"><subfield code="a">REROnoselfmerge</subfield></datafield><datafield ind1=" " ind2=" " tag="910"><subfield code="a">SUDOC</subfield><subfield code="b">20191209</subfield><subfield code="c">Réutilisation sous conditions: Licence ouverte Etalab</subfield></datafield><datafield ind1=" " ind2=" " tag="949"><subfield code="a">https://toc.library.ethz.ch/objects/pdf03/e03_978-2-35487-050-8_01.pdf</subfield></datafield></record>
</metadata></record>