<record><header><identifier>oai:alma.41SLSP_UGE:991000779729705502</identifier><datestamp>2023-03-01T01:09:21Z</datestamp><setSpec>uge_bcen_RapidILL_BOOK</setSpec><setSpec>uge_aaca_RapidILL_BOOK</setSpec><setSpec>uge_abels_RapidILL_BOOK</setSpec><setSpec>uge_dbu_RapidILL_BOOK</setSpec><setSpec>uge_cmu_RapidILL_BOOK</setSpec><setSpec>uge_mail_RapidILL_BOOK</setSpec><setSpec>UNIGE_ALL</setSpec><setSpec>uge_abbat_RapidILL_BOOK</setSpec><setSpec>uge_aobs_RapidILL_BOOK</setSpec><setSpec>uge_acar_RapidILL_BOOK</setSpec></header><metadata>
<record xmlns="http://www.loc.gov/MARC21/slim" xmlns:xsi="http://www.w3.org/2001/XMLSchema-instance" xsi:schemaLocation="http://www.loc.gov/MARC21/slim http://www.loc.gov/standards/marcxml/schema/MARC21slim.xsd"><leader>01836nam a2200253 c 4500</leader><controlfield tag="001">991000779729705502</controlfield><controlfield tag="005">20201227170601.0</controlfield><controlfield tag="008">150318s2004    su ||||| |||| 00| ||ara d</controlfield><datafield ind1=" " ind2=" " tag="035"><subfield code="a">(swissbib)121344622-41slsp_network</subfield></datafield><datafield ind1=" " ind2=" " tag="035"><subfield code="a">121344622</subfield><subfield code="9">ExL</subfield></datafield><datafield ind1=" " ind2=" " tag="035"><subfield code="a">(RERO)R008098937-41slsp</subfield></datafield><datafield ind1=" " ind2=" " tag="035"><subfield code="a">(EXLNZ-41SLSP_NETWORK)991105177389705501</subfield></datafield><datafield ind1=" " ind2=" " tag="040"><subfield code="a">RERO geular</subfield><subfield code="d">CH-ZuSLS</subfield></datafield><datafield ind1=" " ind2="7" tag="072"><subfield code="a">dr</subfield><subfield code="2">rero</subfield></datafield><datafield ind1="1" ind2=" " tag="100"><subfield code="6">880-01</subfield><subfield code="a">Ibn Taymiyyaẗ, Taqiyy al-Dīn Aḥmad ibn ʿAbd al-Ḥalīm ibn ʿAbd al-Salām ibn ʿAbd Allāh Abī al-Qāsim al-Ḥarrānī</subfield><subfield code="d">1263-1328</subfield><subfield code="0">(IDREF)078789877</subfield><subfield code="4">cre</subfield></datafield><datafield ind1="1" ind2=" " tag="880"><subfield code="6">100-01/(3/r</subfield><subfield code="a">ابن تيمية، أحمد بن عبد الحليم</subfield><subfield code="d">1263-1328</subfield></datafield><datafield ind1="1" ind2="0" tag="245"><subfield code="6">880-02</subfield><subfield code="a">Bayān al-dalīl ʿalá buṭlān al-taḥlīl</subfield><subfield code="c">taʾlīf Ibn Taymīyah ; ḥaqqaqahu wa kharraja aḥādīthahu Aḥmad ibn Muḥammad al-Khalīl</subfield></datafield><datafield ind1="1" ind2="0" tag="880"><subfield code="6">245-02/(3/r</subfield><subfield code="a">بيان الدليل على بطلان التحليل</subfield><subfield code="c">أحمد بن عبد الحليم تقي الدين ابن تيمية</subfield></datafield><datafield ind1=" " ind2="1" tag="264"><subfield code="a">al-Dammām</subfield><subfield code="b">Dār Ibn al-Jawzī</subfield><subfield code="c">1425 H. [2004]</subfield></datafield><datafield ind1=" " ind2=" " tag="300"><subfield code="a">581 p.</subfield><subfield code="c">25 cm</subfield></datafield><datafield ind1=" " ind2=" " tag="336"><subfield code="b">txt</subfield><subfield code="2">rdacontent</subfield></datafield><datafield ind1=" " ind2=" " tag="337"><subfield code="b">n</subfield><subfield code="2">rdamedia</subfield></datafield><datafield ind1=" " ind2=" " tag="338"><subfield code="b">nc</subfield><subfield code="2">rdacarrier</subfield></datafield><datafield ind1="1" ind2=" " tag="700"><subfield code="a">Khalīl, Aḥmad ibn Muḥammad</subfield><subfield code="0">(RERO)A016473944</subfield></datafield><datafield ind1=" " ind2=" " tag="900"><subfield code="a">REROnoselfmerge</subfield></datafield></record>
</metadata></record>