<record><header><identifier>oai:alma.41SLSP_UGE:991000779309705502</identifier><datestamp>2023-05-13T00:23:31Z</datestamp><setSpec>uge_bcen_RapidILL_BOOK</setSpec><setSpec>uge_aaca_RapidILL_BOOK</setSpec><setSpec>uge_abels_RapidILL_BOOK</setSpec><setSpec>uge_dbu_RapidILL_BOOK</setSpec><setSpec>uge_cmu_RapidILL_BOOK</setSpec><setSpec>uge_mail_RapidILL_BOOK</setSpec><setSpec>uge_abbat_RapidILL_BOOK</setSpec><setSpec>UNIGE_ALL</setSpec><setSpec>uge_aobs_RapidILL_BOOK</setSpec><setSpec>uge_acar_RapidILL_BOOK</setSpec></header><metadata>
<record xmlns="http://www.loc.gov/MARC21/slim" xmlns:xsi="http://www.w3.org/2001/XMLSchema-instance" xsi:schemaLocation="http://www.loc.gov/MARC21/slim http://www.loc.gov/standards/marcxml/schema/MARC21slim.xsd"><leader>02581nam a2200589 c 4500</leader><controlfield tag="001">991000779309705502</controlfield><controlfield tag="005">20230512091935.0</controlfield><controlfield tag="008">201012s2019    fr       b||| 001 0 fre|d</controlfield><datafield ind1=" " ind2=" " tag="020"><subfield code="a">9782251449760</subfield><subfield code="q">paperback</subfield></datafield><datafield ind1=" " ind2=" " tag="035"><subfield code="a">(swissbib)239789512-41slsp_network</subfield></datafield><datafield ind1=" " ind2=" " tag="035"><subfield code="a">239789512</subfield><subfield code="9">ExL</subfield></datafield><datafield ind1=" " ind2=" " tag="035"><subfield code="a">(NEBIS)011511837EBI01</subfield></datafield><datafield ind1=" " ind2=" " tag="035"><subfield code="a">(RERO)R008968796-41slsp</subfield></datafield><datafield ind1=" " ind2=" " tag="035"><subfield code="a">(OCoLC)1123154273</subfield></datafield><datafield ind1=" " ind2=" " tag="035"><subfield code="a">(EXLNZ-41SLSP_NETWORK)991135246419705501</subfield></datafield><datafield ind1=" " ind2=" " tag="040"><subfield code="a">CHBCC</subfield><subfield code="b">ger</subfield><subfield code="e">rda</subfield><subfield code="d">CH-ZuSLS</subfield></datafield><datafield ind1="1" ind2=" " tag="041"><subfield code="a">fre</subfield><subfield code="h">grc</subfield></datafield><datafield ind1=" " ind2="4" tag="050"><subfield code="a">B</subfield></datafield><datafield ind1=" " ind2="7" tag="072"><subfield code="a">ph</subfield><subfield code="2">rero</subfield></datafield><datafield ind1="1" ind2=" " tag="080"><subfield code="a">875SEXTUE7AdvL</subfield></datafield><datafield ind1="0" ind2="4" tag="082"><subfield code="a">186</subfield></datafield><datafield ind1="1" ind2="4" tag="082"><subfield code="a">100</subfield><subfield code="2">15</subfield></datafield><datafield ind1="0" ind2=" " tag="100"><subfield code="6">880-01</subfield><subfield code="a">Sextus</subfield><subfield code="c">Empiricus</subfield><subfield code="d">ca. 2./3. Jh.</subfield><subfield code="0">(DE-588)118764853</subfield><subfield code="e">Verfasser</subfield><subfield code="4">aut</subfield></datafield><datafield ind1="1" ind2=" " tag="880"><subfield code="6">100-01</subfield><subfield code="a">Sextus Empiricus</subfield><subfield code="d">0150?-0210?</subfield><subfield code="0">(IDREF)027922049</subfield><subfield code="4">aut</subfield></datafield><datafield ind1="1" ind2="0" tag="240"><subfield code="a">Adversus logicos</subfield></datafield><datafield ind1="1" ind2="0" tag="245"><subfield code="a">Contre les logiciens</subfield><subfield code="c">Sextus Empiricus ; texte introduit, traduit et commenté par René Lefebvre</subfield></datafield><datafield ind1=" " ind2="1" tag="264"><subfield code="a">Paris</subfield><subfield code="b">Les Belles Lettres</subfield><subfield code="c">2019</subfield></datafield><datafield ind1=" " ind2=" " tag="300"><subfield code="a">406 Seiten</subfield></datafield><datafield ind1=" " ind2=" " tag="336"><subfield code="b">txt</subfield><subfield code="2">rdacontent</subfield></datafield><datafield ind1=" " ind2=" " tag="337"><subfield code="b">n</subfield><subfield code="2">rdamedia</subfield></datafield><datafield ind1=" " ind2=" " tag="338"><subfield code="b">nc</subfield><subfield code="2">rdacarrier</subfield></datafield><datafield ind1="1" ind2=" " tag="490"><subfield code="a">La roue à livres</subfield><subfield code="v">88</subfield></datafield><datafield ind1=" " ind2=" " tag="500"><subfield code="a">Titre conventionnel: Adversus logicos</subfield></datafield><datafield ind1=" " ind2=" " tag="504"><subfield code="a">Includes bibliographical references and index</subfield></datafield><datafield ind1="0" ind2="7" tag="600"><subfield code="a">Sextus</subfield><subfield code="c">Empiricus</subfield><subfield code="d">ca. 2./3. Jh.</subfield><subfield code="t">Adversus logicos</subfield><subfield code="0">(DE-588)1206224924</subfield><subfield code="2">gnd</subfield></datafield><datafield ind1="0" ind2="7" tag="600"><subfield code="a">Sextus Empiricus</subfield><subfield code="d">0150?-0210?</subfield><subfield code="0">(IDREF)027922049</subfield><subfield code="2">idref</subfield></datafield><datafield ind1="0" ind2="7" tag="600"><subfield code="a">Sextus</subfield><subfield code="c">(Empiricus).</subfield><subfield code="t">Contre les logiciens</subfield><subfield code="0">(RERO)A028754774</subfield><subfield code="2">rero</subfield></datafield><datafield ind1=" " ind2="6" tag="650"><subfield code="a">Déduction (Logique)</subfield><subfield code="v">Ouvrages avant 1800</subfield></datafield><datafield ind1=" " ind2="6" tag="650"><subfield code="a">Morale</subfield><subfield code="v">Ouvrages avant 1800</subfield></datafield><datafield ind1=" " ind2="6" tag="650"><subfield code="a">Sceptiques (Philosophie grecque)</subfield><subfield code="v">Ouvrages avant 1800</subfield></datafield><datafield ind1=" " ind2="7" tag="650"><subfield code="a">Scepticisme (philosophie grecque)</subfield><subfield code="2">ram</subfield></datafield><datafield ind1=" " ind2="7" tag="650"><subfield code="a">Déduction (logique)</subfield><subfield code="0">(IDREF)028594460</subfield><subfield code="2">idref</subfield></datafield><datafield ind1=" " ind2="7" tag="650"><subfield code="a">Scepticisme (philosophie grecque)</subfield><subfield code="0">(IDREF)027354504</subfield><subfield code="2">idref</subfield></datafield><datafield ind1=" " ind2="7" tag="655"><subfield code="a">Kommentar</subfield><subfield code="2">gnd-content</subfield></datafield><datafield ind1=" " ind2="7" tag="655"><subfield code="a">Commentaire de texte</subfield><subfield code="0">(IDREF)027790681</subfield><subfield code="2">idref</subfield></datafield><datafield ind1="0" ind2="2" tag="700"><subfield code="a">Sextus</subfield><subfield code="c">Empiricus</subfield><subfield code="d">ca. 2./3. Jh.</subfield><subfield code="t">Adversus logicos</subfield><subfield code="0">(DE-588)1206224924</subfield></datafield><datafield ind1="1" ind2=" " tag="700"><subfield code="6">880-03</subfield><subfield code="a">Lefebvre, René</subfield><subfield code="d">1954-</subfield><subfield code="0">(DE-588)136649084</subfield><subfield code="e">Übersetzer</subfield><subfield code="e">Kommentarverfasser</subfield><subfield code="4">trl</subfield><subfield code="4">wac</subfield></datafield><datafield ind1="1" ind2=" " tag="880"><subfield code="6">700-03</subfield><subfield code="a">Lefebvre, René</subfield><subfield code="d">1954-....</subfield><subfield code="0">(IDREF)058598545</subfield><subfield code="4">aui</subfield><subfield code="4">trl</subfield></datafield><datafield ind1="4" ind2="2" tag="856"><subfield code="3">Titelblatt und Inhaltsverzeichnis</subfield><subfield code="u">https://toc.library.ethz.ch/objects/pdf03/z01_978-2-251-44976-0_01.pdf</subfield><subfield code="q">pdf</subfield></datafield><datafield ind1=" " ind2="0" tag="830"><subfield code="a">&lt;&lt;La&gt;&gt; roue à livres</subfield><subfield code="v">88</subfield><subfield code="w">(RERO)1260576-41slsp</subfield></datafield><datafield ind1=" " ind2=" " tag="900"><subfield code="a">IDSZ2zbzmon202003f</subfield><subfield code="c">IDSZ2eich</subfield><subfield code="d">IDSZ2zbzswk202003b</subfield><subfield code="e">IDSZ2somm</subfield></datafield><datafield ind1=" " ind2=" " tag="900"><subfield code="a">REROnoselfmerge</subfield></datafield><datafield ind1=" " ind2=" " tag="949"><subfield code="a">https://toc.library.ethz.ch/objects/pdf03/z01_978-2-251-44976-0_01.pdf</subfield></datafield></record>
</metadata></record>