<record><header><identifier>oai:alma.41SLSP_UGE:991000789709705502</identifier><datestamp>2023-03-01T01:09:21Z</datestamp><setSpec>uge_bcen_RapidILL_BOOK</setSpec><setSpec>uge_aaca_RapidILL_BOOK</setSpec><setSpec>uge_abels_RapidILL_BOOK</setSpec><setSpec>uge_dbu_RapidILL_BOOK</setSpec><setSpec>uge_cmu_RapidILL_BOOK</setSpec><setSpec>uge_mail_RapidILL_BOOK</setSpec><setSpec>UNIGE_ALL</setSpec><setSpec>uge_abbat_RapidILL_BOOK</setSpec><setSpec>uge_aobs_RapidILL_BOOK</setSpec><setSpec>uge_acar_RapidILL_BOOK</setSpec></header><metadata>
<record xmlns="http://www.loc.gov/MARC21/slim" xmlns:xsi="http://www.w3.org/2001/XMLSchema-instance" xsi:schemaLocation="http://www.loc.gov/MARC21/slim http://www.loc.gov/standards/marcxml/schema/MARC21slim.xsd"><leader>00975nam a2200253 c 4500</leader><controlfield tag="001">991000789709705502</controlfield><controlfield tag="005">20201227172451.0</controlfield><controlfield tag="008">151123s2008    it ||||| |||| 10| ||ita d</controlfield><datafield ind1=" " ind2=" " tag="020"><subfield code="a">9788890498817</subfield></datafield><datafield ind1=" " ind2=" " tag="035"><subfield code="a">(swissbib)122341848-41slsp_network</subfield></datafield><datafield ind1=" " ind2=" " tag="035"><subfield code="a">122341848</subfield><subfield code="9">ExL</subfield></datafield><datafield ind1=" " ind2=" " tag="035"><subfield code="a">(RERO)R008308787-41slsp</subfield></datafield><datafield ind1=" " ind2=" " tag="035"><subfield code="a">(EXLNZ-41SLSP_NETWORK)991095947209705501</subfield></datafield><datafield ind1=" " ind2=" " tag="040"><subfield code="a">RERO geulsa</subfield><subfield code="d">CH-ZuSLS</subfield></datafield><datafield ind1=" " ind2="7" tag="072"><subfield code="a">ha</subfield><subfield code="2">rero</subfield></datafield><datafield ind1="0" ind2="0" tag="245"><subfield code="a">&lt;&lt;Le&gt;&gt; epigrafi della valle di Comino</subfield><subfield code="b">atti del secondo Convegno epigrafico cominese, San Donato in Val di Comino, 28 maggio 2005</subfield><subfield code="c">a cura di Heikki Solin</subfield></datafield><datafield ind1=" " ind2="1" tag="264"><subfield code="a">San Donato Val di Comino (FR) [i.e. Frosinone, Italy]</subfield><subfield code="b">Associazione &quot;Genesi&quot;</subfield><subfield code="c">2006</subfield></datafield><datafield ind1=" " ind2=" " tag="300"><subfield code="a">1v.</subfield></datafield><datafield ind1=" " ind2=" " tag="336"><subfield code="b">txt</subfield><subfield code="2">rdacontent</subfield></datafield><datafield ind1=" " ind2=" " tag="337"><subfield code="b">n</subfield><subfield code="2">rdamedia</subfield></datafield><datafield ind1=" " ind2=" " tag="338"><subfield code="b">nc</subfield><subfield code="2">rdacarrier</subfield></datafield><datafield ind1=" " ind2=" " tag="504"><subfield code="a">Includes bibliographical references</subfield></datafield><datafield ind1="1" ind2=" " tag="700"><subfield code="a">Solin, Heikki</subfield><subfield code="d">1938-....</subfield><subfield code="0">(IDREF)029778263</subfield></datafield><datafield ind1="2" ind2=" " tag="711"><subfield code="a">Convegno epigrafico cominese</subfield><subfield code="n">2</subfield><subfield code="d">2005</subfield><subfield code="c">San Donato Val di Comino</subfield><subfield code="0">(RERO)A025841861</subfield></datafield><datafield ind1=" " ind2=" " tag="900"><subfield code="a">REROnoselfmerge</subfield></datafield></record>
</metadata></record>