<record><header><identifier>oai:alma.41SLSP_UGE:991000789509705502</identifier><datestamp>2023-03-01T01:09:21Z</datestamp><setSpec>uge_bcen_RapidILL_BOOK</setSpec><setSpec>uge_aaca_RapidILL_BOOK</setSpec><setSpec>uge_abels_RapidILL_BOOK</setSpec><setSpec>uge_dbu_RapidILL_BOOK</setSpec><setSpec>uge_cmu_RapidILL_BOOK</setSpec><setSpec>uge_mail_RapidILL_BOOK</setSpec><setSpec>UNIGE_ALL</setSpec><setSpec>uge_abbat_RapidILL_BOOK</setSpec><setSpec>uge_aobs_RapidILL_BOOK</setSpec><setSpec>uge_acar_RapidILL_BOOK</setSpec></header><metadata>
<record xmlns="http://www.loc.gov/MARC21/slim" xmlns:xsi="http://www.w3.org/2001/XMLSchema-instance" xsi:schemaLocation="http://www.loc.gov/MARC21/slim http://www.loc.gov/standards/marcxml/schema/MARC21slim.xsd"><leader>01774nam a2200373 c 4500</leader><controlfield tag="001">991000789509705502</controlfield><controlfield tag="005">20211203224038.0</controlfield><controlfield tag="008">201012s1987    gw ||||| |||| 00| ||grc d</controlfield><datafield ind1=" " ind2=" " tag="020"><subfield code="a">3438054019</subfield></datafield><datafield ind1=" " ind2=" " tag="035"><subfield code="a">(swissbib)239458397-41slsp_network</subfield></datafield><datafield ind1=" " ind2=" " tag="035"><subfield code="a">239458397</subfield><subfield code="9">ExL</subfield></datafield><datafield ind1=" " ind2=" " tag="035"><subfield code="a">(RERO)1292331-41slsp</subfield></datafield><datafield ind1=" " ind2=" " tag="035"><subfield code="a">(NEBIS)004743703EBI01</subfield></datafield><datafield ind1=" " ind2=" " tag="035"><subfield code="a">(EXLNZ-41SLSP_NETWORK)991053033419705501</subfield></datafield><datafield ind1=" " ind2=" " tag="040"><subfield code="a">RERO geulsa</subfield><subfield code="d">CH-ZuSLS</subfield></datafield><datafield ind1="0" ind2=" " tag="041"><subfield code="a">grc</subfield><subfield code="a">lat</subfield></datafield><datafield ind1=" " ind2="7" tag="072"><subfield code="a">th</subfield><subfield code="2">rero</subfield></datafield><datafield ind1="0" ind2="0" tag="245"><subfield code="a">Novum Testamentum Graece et Latine</subfield><subfield code="c">textum Graecum post Eberhard Nestle et Erwin Nestle communiter ediderunt Kurt Aland , Matthew Black ... [et al.] ; utriusque textus apparatum criticum recensuerunt et editionem novis curis elaboraverunt Kurt Aland et Barbara Aland una cum Instituto studiorum textus Novi Testamenti Monasteriensi (Westphalia)</subfield></datafield><datafield ind1=" " ind2=" " tag="250"><subfield code="a">[1. Aufl., 3. Druck]</subfield></datafield><datafield ind1=" " ind2="1" tag="264"><subfield code="a">Stuttgart</subfield><subfield code="b">Deutsche Bibelgesellschaft</subfield><subfield code="c">1987</subfield></datafield><datafield ind1=" " ind2=" " tag="300"><subfield code="a">44 p., 779 p. avec pagination double, p. 1-680</subfield><subfield code="c">17 cm</subfield></datafield><datafield ind1=" " ind2=" " tag="336"><subfield code="b">txt</subfield><subfield code="2">rdacontent</subfield></datafield><datafield ind1=" " ind2=" " tag="337"><subfield code="b">n</subfield><subfield code="2">rdamedia</subfield></datafield><datafield ind1=" " ind2=" " tag="338"><subfield code="b">nc</subfield><subfield code="2">rdacarrier</subfield></datafield><datafield ind1=" " ind2="7" tag="650"><subfield code="a">BIBEL + HEILIGE SCHRIFT (THEOLOGIE)</subfield><subfield code="9">ger</subfield><subfield code="0">(ETHUDK)000009801</subfield><subfield code="2">ethudk</subfield></datafield><datafield ind1=" " ind2="7" tag="650"><subfield code="a">NEUES TESTAMENT (THEOLOGIE)</subfield><subfield code="9">ger</subfield><subfield code="0">(ETHUDK)000009811</subfield><subfield code="2">ethudk</subfield></datafield><datafield ind1="1" ind2=" " tag="700"><subfield code="a">Nestle, Eberhard</subfield><subfield code="d">1851-1913</subfield><subfield code="0">(DE-588)116942088</subfield><subfield code="6">880-02</subfield></datafield><datafield ind1="1" ind2=" " tag="880"><subfield code="6">700-02</subfield><subfield code="a">Nestle, Eberhard</subfield><subfield code="d">1851-1913</subfield><subfield code="0">(IDREF)073697354</subfield></datafield><datafield ind1="1" ind2=" " tag="700"><subfield code="a">Aland, Kurt</subfield><subfield code="d">1915-1994</subfield><subfield code="0">(DE-588)118501348</subfield><subfield code="6">880-03</subfield></datafield><datafield ind1="1" ind2=" " tag="880"><subfield code="6">700-03</subfield><subfield code="a">Aland, Kurt</subfield><subfield code="d">1915-1994</subfield><subfield code="0">(IDREF)02844650X</subfield></datafield><datafield ind1="2" ind2=" " tag="710"><subfield code="a">Westfälische Wilhelms-Universität (Münster)</subfield><subfield code="b">Institut für Neutestamentliche Textforschung</subfield><subfield code="0">(RERO)A005448386</subfield></datafield><datafield ind1="0" ind2=" " tag="730"><subfield code="a">Bibel</subfield><subfield code="p">Neues Testament</subfield><subfield code="0">(DE-588)4041771-2</subfield></datafield><datafield ind1="0" ind2=" " tag="730"><subfield code="a">Bible</subfield><subfield code="n">200</subfield><subfield code="p">N.T</subfield><subfield code="l">Grec - latin</subfield></datafield><datafield ind1=" " ind2=" " tag="900"><subfield code="a">REROnoselfmerge</subfield></datafield><datafield ind1=" " ind2=" " tag="900"><subfield code="a">IDSZ2rwimon200807l</subfield><subfield code="c">IDSZ2buche</subfield></datafield></record>
</metadata></record>