<record><header><identifier>oai:alma.41SLSP_UGE:991000790029705502</identifier><datestamp>2023-07-18T00:14:41Z</datestamp><setSpec>uge_bcen_RapidILL_BOOK</setSpec><setSpec>uge_aaca_RapidILL_BOOK</setSpec><setSpec>uge_abels_RapidILL_BOOK</setSpec><setSpec>uge_dbu_RapidILL_BOOK</setSpec><setSpec>uge_cmu_RapidILL_BOOK</setSpec><setSpec>uge_mail_RapidILL_BOOK</setSpec><setSpec>uge_abbat_RapidILL_BOOK</setSpec><setSpec>UNIGE_ALL</setSpec><setSpec>uge_aobs_RapidILL_BOOK</setSpec><setSpec>uge_acar_RapidILL_BOOK</setSpec></header><metadata>
<record xmlns="http://www.loc.gov/MARC21/slim" xmlns:xsi="http://www.w3.org/2001/XMLSchema-instance" xsi:schemaLocation="http://www.loc.gov/MARC21/slim http://www.loc.gov/standards/marcxml/schema/MARC21slim.xsd"><leader>00900naa a2200229 c 4500</leader><controlfield tag="001">991000790029705502</controlfield><controlfield tag="005">20230717195941.0</controlfield><controlfield tag="008">000811s1995    ne ||||| |||| 00| ||eng d</controlfield><datafield ind1=" " ind2=" " tag="035"><subfield code="a">(swissbib)091120527-41slsp_network</subfield></datafield><datafield ind1=" " ind2=" " tag="035"><subfield code="a">091120527</subfield><subfield code="9">ExL</subfield></datafield><datafield ind1=" " ind2=" " tag="035"><subfield code="a">(RERO)2182154-41slsp</subfield></datafield><datafield ind1=" " ind2=" " tag="035"><subfield code="a">(EXLNZ-41SLSP_NETWORK)991066730749705501</subfield></datafield><datafield ind1=" " ind2=" " tag="040"><subfield code="a">RERO geusbv</subfield><subfield code="d">CH-ZuSLS</subfield></datafield><datafield ind1=" " ind2="7" tag="072"><subfield code="a">bi</subfield><subfield code="2">rero</subfield></datafield><datafield ind1="1" ind2=" " tag="100"><subfield code="a">Strasser, Reto Jörg</subfield><subfield code="0">(IDREF)256930007</subfield><subfield code="4">cre</subfield></datafield><datafield ind1="1" ind2="0" tag="245"><subfield code="a">&lt;&lt;The&gt;&gt; fast fluorescence transient of Rhodospirillum rubrum is polyphasic of the type O-K-J-I-P</subfield><subfield code="c">Reto J. Strasser and Robin Ghosh</subfield></datafield><datafield ind1=" " ind2=" " tag="336"><subfield code="b">txt</subfield><subfield code="2">rdacontent</subfield></datafield><datafield ind1=" " ind2=" " tag="337"><subfield code="b">n</subfield><subfield code="2">rdamedia</subfield></datafield><datafield ind1=" " ind2=" " tag="338"><subfield code="b">nc</subfield><subfield code="2">rdacarrier</subfield></datafield><datafield ind1=" " ind2=" " tag="580"><subfield code="a">In: Photosynthesis : from light to biosphere. - Amsterdam : Kluwer Academic Publ., 1995. - Vol. 2, p. 915-918</subfield></datafield><datafield ind1="1" ind2=" " tag="700"><subfield code="a">Ghosh, Robin</subfield><subfield code="c">biologiste</subfield><subfield code="0">(RERO)A012315881</subfield></datafield><datafield ind1="0" ind2=" " tag="773"><subfield code="t">Photosynthesis : from light to biosphere</subfield><subfield code="g">2/915</subfield></datafield><datafield ind1=" " ind2=" " tag="900"><subfield code="a">REROnoselfmerge</subfield></datafield></record>
</metadata></record>