<record><header><identifier>oai:alma.41SLSP_UGE:991000789299705502</identifier><datestamp>2023-03-01T01:09:21Z</datestamp><setSpec>uge_cmu_RapidILL_JOURNAL</setSpec><setSpec>uge_aobs_RapidILL_JOURNAL</setSpec><setSpec>uge_aaca_RapidILL_JOURNAL</setSpec><setSpec>uge_bcen_RapidILL_JOURNAL</setSpec><setSpec>uge_abbat_RapidILL_JOURNAL</setSpec><setSpec>uge_mail_RapidILL_JOURNAL</setSpec><setSpec>uge_dbu_RapidILL_JOURNAL</setSpec><setSpec>UNIGE_ALL</setSpec><setSpec>uge_abels_RapidILL_JOURNAL</setSpec><setSpec>uge_acar_RapidILL_JOURNAL</setSpec></header><metadata>
<record xmlns="http://www.loc.gov/MARC21/slim" xmlns:xsi="http://www.w3.org/2001/XMLSchema-instance" xsi:schemaLocation="http://www.loc.gov/MARC21/slim http://www.loc.gov/standards/marcxml/schema/MARC21slim.xsd"><leader>01243nas a2200337 c 4500</leader><controlfield tag="001">991000789299705502</controlfield><controlfield tag="005">20211114134812.0</controlfield><controlfield tag="008">201012c20029999fr  | p       0    |fre  </controlfield><datafield ind1=" " ind2=" " tag="022"><subfield code="a">0304-3363</subfield></datafield><datafield ind1=" " ind2=" " tag="035"><subfield code="a">(swissbib)233176985-41slsp_network</subfield></datafield><datafield ind1=" " ind2=" " tag="035"><subfield code="a">233176985</subfield><subfield code="9">ExL</subfield></datafield><datafield ind1=" " ind2=" " tag="035"><subfield code="a">(NEBIS)005002119EBI01</subfield></datafield><datafield ind1=" " ind2=" " tag="035"><subfield code="a">(RERO)R003577020-41slsp</subfield></datafield><datafield ind1=" " ind2=" " tag="035"><subfield code="a">(EXLNZ-41SLSP_NETWORK)991033301059705501</subfield></datafield><datafield ind1=" " ind2=" " tag="040"><subfield code="a">SzZuIDS NEBIS EPF-CEDEC</subfield><subfield code="d">CH-ZuSLS</subfield></datafield><datafield ind1=" " ind2="7" tag="072"><subfield code="a">se</subfield><subfield code="2">rero</subfield></datafield><datafield ind1="0" ind2="0" tag="245"><subfield code="a">Etudes économiques de l'OCDE</subfield><subfield code="p">Mexique</subfield><subfield code="c">Organisation de coopération et de développement économiques</subfield></datafield><datafield ind1=" " ind2="1" tag="264"><subfield code="a">Paris</subfield><subfield code="b">OCDE</subfield></datafield><datafield ind1=" " ind2=" " tag="300"><subfield code="c">23 cm</subfield></datafield><datafield ind1=" " ind2=" " tag="310"><subfield code="a">Parution irrégulière</subfield></datafield><datafield ind1=" " ind2=" " tag="336"><subfield code="b">txt</subfield><subfield code="2">rdacontent</subfield></datafield><datafield ind1=" " ind2=" " tag="337"><subfield code="b">n</subfield><subfield code="2">rdamedia</subfield></datafield><datafield ind1=" " ind2=" " tag="338"><subfield code="b">nc</subfield><subfield code="2">rdacarrier</subfield></datafield><datafield ind1="0" ind2=" " tag="362"><subfield code="a">[Signalé dès] éd. 1991/92-</subfield></datafield><datafield ind1="0" ind2=" " tag="490"><subfield code="a">Etudes économiques de l'OCDE</subfield></datafield><datafield ind1=" " ind2=" " tag="500"><subfield code="a">Fait suite aux Etudes économiques de chaque pays</subfield></datafield><datafield ind1=" " ind2="7" tag="650"><subfield code="a">MEXIQUE (AMÉRIQUE CENTRALE). ÉTATS-UNIS MEXICAINS</subfield><subfield code="9">fre</subfield><subfield code="0">(ETHUDK)000007665</subfield><subfield code="2">ethudk</subfield></datafield><datafield ind1=" " ind2="7" tag="650"><subfield code="a">SITUATION ÉCONOMIQUE</subfield><subfield code="9">fre</subfield><subfield code="0">(ETHUDK)000010712</subfield><subfield code="2">ethudk</subfield></datafield><datafield ind1="2" ind2=" " tag="710"><subfield code="a">Organisation de coopération et de développement économiques</subfield><subfield code="0">(IDREF)026396963</subfield></datafield><datafield ind1="2" ind2=" " tag="710"><subfield code="a">OECD</subfield><subfield code="0">(DE-588)5157-3</subfield></datafield><datafield ind1=" " ind2=" " tag="900"><subfield code="a">NEBISnoselfmerge</subfield></datafield><datafield ind1=" " ind2=" " tag="900"><subfield code="a">REROnoselfmerge</subfield></datafield></record>
</metadata></record>