<record><header><identifier>oai:alma.41SLSP_UGE:991000779299705502</identifier><datestamp>2024-05-02T00:09:19Z</datestamp><setSpec>uge_bcen_RapidILL_BOOK</setSpec><setSpec>uge_aaca_RapidILL_BOOK</setSpec><setSpec>uge_abels_RapidILL_BOOK</setSpec><setSpec>uge_dbu_RapidILL_BOOK</setSpec><setSpec>uge_cmu_RapidILL_BOOK</setSpec><setSpec>uge_mail_RapidILL_BOOK</setSpec><setSpec>uge_abbat_RapidILL_BOOK</setSpec><setSpec>UNIGE_ALL</setSpec><setSpec>uge_acar_RapidILL_BOOK</setSpec><setSpec>uge_aobs_RapidILL_BOOK</setSpec></header><metadata>
<record xmlns="http://www.loc.gov/MARC21/slim" xmlns:xsi="http://www.w3.org/2001/XMLSchema-instance" xsi:schemaLocation="http://www.loc.gov/MARC21/slim http://www.loc.gov/standards/marcxml/schema/MARC21slim.xsd"><leader>04498nam a2200913 c 4500</leader><controlfield tag="001">991000779299705502</controlfield><controlfield tag="005">20240314114913.0</controlfield><controlfield tag="008">201011s1983    sz ||||| |||| 00| ||fre d</controlfield><datafield ind1=" " ind2=" " tag="019"><subfield code="a">Datenkonversion ZB Solothurn</subfield><subfield code="5">IDSBB/28.08.2016/blu</subfield></datafield><datafield ind1=" " ind2=" " tag="020"><subfield code="a">2888880199</subfield></datafield><datafield ind1="7" ind2=" " tag="024"><subfield code="a">http://catalogue.bnf.fr/ark:/12148/cb43352591f</subfield><subfield code="2">uri</subfield></datafield><datafield ind1=" " ind2=" " tag="035"><subfield code="a">(swissbib)211218731-41slsp_network</subfield></datafield><datafield ind1=" " ind2=" " tag="035"><subfield code="a">211218731</subfield><subfield code="9">ExL</subfield></datafield><datafield ind1=" " ind2=" " tag="035"><subfield code="a">(RERO)0475605-41slsp</subfield></datafield><datafield ind1=" " ind2=" " tag="035"><subfield code="a">(IDSBB)006590195DSV01</subfield></datafield><datafield ind1=" " ind2=" " tag="035"><subfield code="a">(NEBIS)007726844EBI01</subfield></datafield><datafield ind1=" " ind2=" " tag="035"><subfield code="a">(NEBIS)000399443EBI01</subfield></datafield><datafield ind1=" " ind2=" " tag="035"><subfield code="a">(IDSLU)000004908ILU01</subfield></datafield><datafield ind1=" " ind2=" " tag="035"><subfield code="a">(IDSBB)000117558DSV01</subfield></datafield><datafield ind1=" " ind2=" " tag="035"><subfield code="a">(EXLNZ-41SLSP_NETWORK)991139941529705501</subfield></datafield><datafield ind1=" " ind2=" " tag="040"><subfield code="a">RERO</subfield><subfield code="d">CH-ZuSLS</subfield></datafield><datafield ind1=" " ind2=" " tag="044"><subfield code="a">sz</subfield><subfield code="c">ch-vd</subfield></datafield><datafield ind1=" " ind2="7" tag="072"><subfield code="a">mu</subfield><subfield code="2">rero</subfield></datafield><datafield ind1=" " ind2="7" tag="072"><subfield code="a">480</subfield><subfield code="2">IDS LU</subfield></datafield><datafield ind1=" " ind2="7" tag="072"><subfield code="a">mu</subfield><subfield code="2">SzZuIDS BS/BE</subfield></datafield><datafield ind1="0" ind2="0" tag="082"><subfield code="a">785/.092/4</subfield><subfield code="2">19</subfield></datafield><datafield ind1="1" ind2="4" tag="082"><subfield code="a">780</subfield><subfield code="2">15</subfield></datafield><datafield ind1=" " ind2=" " tag="084"><subfield code="a">LP 91174</subfield><subfield code="2">rvk</subfield></datafield><datafield ind1="1" ind2=" " tag="100"><subfield code="6">880-01</subfield><subfield code="a">Matthey, Jean-Louis</subfield><subfield code="d">1947-</subfield><subfield code="0">(DE-588)1077587856</subfield></datafield><datafield ind1="1" ind2=" " tag="880"><subfield code="6">100-01</subfield><subfield code="a">Matthey, Jean-Louis</subfield><subfield code="d">1947-....</subfield><subfield code="0">(IDREF)030239524</subfield></datafield><datafield ind1="1" ind2="0" tag="245"><subfield code="a">Ernest Ansermet</subfield><subfield code="b">1883-1969 : [catalogue de l'exposition itinérante organisée à l'occasion du centenaire de la naissance du chef d'orchestre]</subfield><subfield code="c">[publ. sous la dir. de Jean-Louis Matthey] ; [textes de liaison de Jean-Jacques Rapin] ; [préf. de René Schenker] ; [enregistrements sur disques d'Ernest Ansermet, relevé établi par François Hudry]</subfield></datafield><datafield ind1=" " ind2="1" tag="264"><subfield code="a">Lausanne</subfield><subfield code="b">Bibliothèque cantonale et universitaire</subfield><subfield code="b">Association Ernest Ansermet</subfield><subfield code="c">1983</subfield></datafield><datafield ind1=" " ind2="3" tag="264"><subfield code="a">Denges</subfield><subfield code="b">Roth et Sauter</subfield></datafield><datafield ind1=" " ind2=" " tag="300"><subfield code="a">239 p.</subfield><subfield code="b">ill.</subfield><subfield code="c">24 cm</subfield></datafield><datafield ind1=" " ind2=" " tag="336"><subfield code="b">txt</subfield><subfield code="2">rdacontent</subfield></datafield><datafield ind1=" " ind2=" " tag="337"><subfield code="b">n</subfield><subfield code="2">rdamedia</subfield></datafield><datafield ind1=" " ind2=" " tag="338"><subfield code="b">nc</subfield><subfield code="2">rdacarrier</subfield></datafield><datafield ind1=" " ind2=" " tag="500"><subfield code="a">&quot;Exposition itinérante 1983-1984.&quot;</subfield></datafield><datafield ind1=" " ind2=" " tag="500"><subfield code="a">Catalogue de l'exposition Ernest Ansermet, organisée à l'occasion du centenaire de la naissance du chef d'orchestre; Lausanne, 1983-1984</subfield></datafield><datafield ind1=" " ind2=" " tag="500"><subfield code="a">Wanderausstellung Lausanne, Zurich, Lucerne, Bâle, Vevey, Genève, Fribourg, Martigny, New York, Montréal, Boston, Buenos Aires, Bruxelles, Strasbourg, Munich, Berlin-Ouest</subfield></datafield><datafield ind1=" " ind2=" " tag="500"><subfield code="a">Ausstellung (Lausanne ; Musée historique de l'ancien-évêché ; 1983)</subfield></datafield><datafield ind1=" " ind2=" " tag="500"><subfield code="a">Ausstellung (Basel ; Öffentliche Bibliothek der Universität ; 1983)</subfield></datafield><datafield ind1=" " ind2=" " tag="504"><subfield code="a">Bibliographie: p. 237-238</subfield></datafield><datafield ind1=" " ind2=" " tag="504"><subfield code="a">&quot;Enregistrements sur disques d'Ernest Ansermet: relevé établi par François Hudry&quot;: p. 230-236</subfield></datafield><datafield ind1="4" ind2=" " tag="510"><subfield code="a">Revue musicale de Suisse romande (Yverdon) ; (1984) no 3, p. 138 (Ronald Rohrer)</subfield></datafield><datafield ind1="1" ind2="7" tag="600"><subfield code="a">Ansermet, Ernest</subfield><subfield code="d">1883-1969</subfield><subfield code="0">(IDREF)026687860</subfield><subfield code="2">idref</subfield></datafield><datafield ind1="1" ind2="7" tag="600"><subfield code="a">Ansermet, Ernest</subfield><subfield code="d">1883-1969</subfield><subfield code="0">(DE-588)118649574</subfield><subfield code="2">gnd</subfield></datafield><datafield ind1="1" ind2="0" tag="600"><subfield code="a">Ansermet, Ernest</subfield><subfield code="d">1883-1969</subfield><subfield code="v">Exhibitions</subfield></datafield><datafield ind1="1" ind2="7" tag="600"><subfield code="a">Auberjonois, René</subfield><subfield code="d">1872-1957</subfield><subfield code="0">(DE-588)118504975</subfield><subfield code="2">gnd</subfield></datafield><datafield ind1="1" ind2="7" tag="600"><subfield code="a">Ansermet, Ernest</subfield><subfield code="v">Ausstellungskatalog</subfield><subfield code="2">idsbb</subfield></datafield><datafield ind1=" " ind2="7" tag="650"><subfield code="a">Ausstellung</subfield><subfield code="0">(DE-588)4129601-1</subfield><subfield code="2">gnd</subfield></datafield><datafield ind1=" " ind2="0" tag="650"><subfield code="a">Music</subfield><subfield code="x">Exhibitions</subfield></datafield><datafield ind1=" " ind2="7" tag="650"><subfield code="a">BIOGRAPHIEN (LEBEN UND WERK)</subfield><subfield code="9">ger</subfield><subfield code="0">(ETHUDK)000036789</subfield><subfield code="2">ethudk</subfield></datafield><datafield ind1=" " ind2="7" tag="650"><subfield code="a">MUSIK</subfield><subfield code="9">ger</subfield><subfield code="0">(ETHUDK)000035983</subfield><subfield code="2">ethudk</subfield></datafield><datafield ind1=" " ind2="7" tag="650"><subfield code="a">SCHWEIZ (MITTELEUROPA). SCHWEIZERISCHE EIDGENOSSENSCHAFT</subfield><subfield code="9">ger</subfield><subfield code="0">(ETHUDK)000004571</subfield><subfield code="2">ethudk</subfield></datafield><datafield ind1=" " ind2="7" tag="650"><subfield code="a">&quot;1883/1969&quot;</subfield><subfield code="2">ethudk</subfield></datafield><datafield ind1=" " ind2="7" tag="655"><subfield code="a">Catalogues d'exposition</subfield><subfield code="0">(IDREF)027320456</subfield><subfield code="2">idref</subfield></datafield><datafield ind1=" " ind2="7" tag="655"><subfield code="a">Ausstellungskatalog</subfield><subfield code="2">gnd-content</subfield></datafield><datafield ind1=" " ind2="7" tag="655"><subfield code="a">Festschrift</subfield><subfield code="2">gnd-content</subfield></datafield><datafield ind1=" " ind2="7" tag="655"><subfield code="a">Konferenzschrift</subfield><subfield code="z">Lausanne</subfield><subfield code="y">1983-1984</subfield><subfield code="2">gnd-content</subfield></datafield><datafield ind1=" " ind2="7" tag="655"><subfield code="a">Ausstellungskatalog</subfield><subfield code="z">Lausanne</subfield><subfield code="y">1983</subfield><subfield code="2">gnd-content</subfield></datafield><datafield ind1=" " ind2="7" tag="655"><subfield code="a">Ausstellungskatalog</subfield><subfield code="z">Basel</subfield><subfield code="y">1983</subfield><subfield code="2">gnd-content</subfield></datafield><datafield ind1=" " ind2=" " tag="690"><subfield code="a">Ansermet, Ernest (1883-1969)</subfield><subfield code="2">uzb-UV</subfield></datafield><datafield ind1=" " ind2=" " tag="690"><subfield code="a">Ansermet, Ernest</subfield><subfield code="2">uzb-Z9</subfield></datafield><datafield ind1=" " ind2=" " tag="690"><subfield code="a">Ansermet, Ernest. A. Ausstellung: Lausanne</subfield><subfield code="2">rzs-L1</subfield></datafield><datafield ind1=" " ind2=" " tag="690"><subfield code="a">Musik. A. Ausstellung: Lausanne: Ansermet, E.</subfield><subfield code="2">rzs-L1</subfield></datafield><datafield ind1=" " ind2=" " tag="691"><subfield code="e">B.3.1</subfield><subfield code="2">ubs-GQ</subfield></datafield><datafield ind1="1" ind2=" " tag="700"><subfield code="a">Ansermet, Ernest</subfield><subfield code="d">1883-1969</subfield><subfield code="0">(DE-588)118649574</subfield></datafield><datafield ind1="1" ind2=" " tag="700"><subfield code="a">Schenker, René</subfield><subfield code="0">(RERO)A003794819</subfield></datafield><datafield ind1="1" ind2=" " tag="700"><subfield code="a">Hudry, François</subfield><subfield code="d">1952-.....</subfield><subfield code="0">(IDREF)049646680</subfield></datafield><datafield ind1="1" ind2=" " tag="700"><subfield code="6">880-04</subfield><subfield code="a">Rapin, Jean-Jacques</subfield><subfield code="d">1932-2015</subfield><subfield code="0">(DE-588)131770810</subfield></datafield><datafield ind1="1" ind2=" " tag="880"><subfield code="6">700-04</subfield><subfield code="a">Rapin, Jean-Jacques</subfield><subfield code="0">(RERO)A003727488</subfield></datafield><datafield ind1="2" ind2=" " tag="710"><subfield code="a">Bibliothèque cantonale et universitaire</subfield><subfield code="g">Lausanne</subfield><subfield code="0">(DE-588)43326-3</subfield></datafield><datafield ind1="2" ind2=" " tag="710"><subfield code="a">Association Ernest Ansermet</subfield><subfield code="0">(DE-588)1087193176</subfield></datafield><datafield ind1="0" ind2=" " tag="730"><subfield code="a">Ansermet</subfield></datafield><datafield ind1="4" ind2=" " tag="856"><subfield code="3">Inhaltsverzeichnis</subfield><subfield code="u">https://www.ub.unibas.ch/tox/HBZ/HT004076710/PDF</subfield><subfield code="q">pdf</subfield></datafield><datafield ind1=" " ind2=" " tag="900"><subfield code="a">REROnoselfmerge</subfield></datafield><datafield ind1=" " ind2=" " tag="900"><subfield code="a">IDSZ2zbzmon200810rl</subfield><subfield code="c">IDSZ2hilb</subfield></datafield><datafield ind1=" " ind2=" " tag="900"><subfield code="a">IDSBBnoselfmerge</subfield></datafield><datafield ind1=" " ind2=" " tag="949"><subfield code="a">https://www.ub.unibas.ch/tox/HBZ/HT004076710/PDF</subfield></datafield></record>
</metadata></record><record><header status="deleted"><identifier>oai:alma.41SLSP_UGE:991000779819705502</identifier><datestamp>2024-01-30T01:20:27Z</datestamp><setSpec>uge_bcen_RapidILL_BOOK</setSpec><setSpec>uge_aaca_RapidILL_BOOK</setSpec><setSpec>uge_abels_RapidILL_BOOK</setSpec><setSpec>uge_dbu_RapidILL_BOOK</setSpec><setSpec>uge_cmu_RapidILL_BOOK</setSpec><setSpec>uge_mail_RapidILL_BOOK</setSpec><setSpec>uge_abbat_RapidILL_BOOK</setSpec><setSpec>UNIGE_ALL</setSpec><setSpec>uge_aobs_RapidILL_BOOK</setSpec><setSpec>uge_acar_RapidILL_BOOK</setSpec></header></record>