<record><header><identifier>oai:alma.41SLSP_UGE:991000779609705502</identifier><datestamp>2023-06-20T00:24:31Z</datestamp><setSpec>uge_bcen_RapidILL_BOOK</setSpec><setSpec>uge_aaca_RapidILL_BOOK</setSpec><setSpec>uge_abels_RapidILL_BOOK</setSpec><setSpec>uge_dbu_RapidILL_BOOK</setSpec><setSpec>uge_cmu_RapidILL_BOOK</setSpec><setSpec>uge_mail_RapidILL_BOOK</setSpec><setSpec>uge_abbat_RapidILL_BOOK</setSpec><setSpec>UNIGE_ALL</setSpec><setSpec>uge_acar_RapidILL_BOOK</setSpec><setSpec>uge_aobs_RapidILL_BOOK</setSpec></header><metadata>
<record xmlns="http://www.loc.gov/MARC21/slim" xmlns:xsi="http://www.w3.org/2001/XMLSchema-instance" xsi:schemaLocation="http://www.loc.gov/MARC21/slim http://www.loc.gov/standards/marcxml/schema/MARC21slim.xsd"><leader>03825nam a2200613 c 4500</leader><controlfield tag="001">991000779609705502</controlfield><controlfield tag="005">20230619195620.0</controlfield><controlfield tag="008">201011s2010    xxu||||| |||| 00| ||eng d</controlfield><datafield ind1=" " ind2=" " tag="010"><subfield code="a">2009033282</subfield></datafield><datafield ind1=" " ind2=" " tag="015"><subfield code="a">GBB049269</subfield><subfield code="2">bnb</subfield></datafield><datafield ind1="7" ind2=" " tag="016"><subfield code="a">101513045</subfield><subfield code="2">DNLM</subfield></datafield><datafield ind1="7" ind2=" " tag="016"><subfield code="a">015529211</subfield><subfield code="2">Uk</subfield></datafield><datafield ind1=" " ind2=" " tag="020"><subfield code="a">9780199737185</subfield><subfield code="q">hardback : alk. paper</subfield></datafield><datafield ind1=" " ind2=" " tag="020"><subfield code="a">0199737185</subfield><subfield code="q">hardback : alk. paper</subfield></datafield><datafield ind1="7" ind2=" " tag="024"><subfield code="a">http://catalogue.bnf.fr/ark:/12148/cb42251275t</subfield><subfield code="2">uri</subfield></datafield><datafield ind1=" " ind2=" " tag="035"><subfield code="a">(swissbib)230412408-41slsp_network</subfield></datafield><datafield ind1=" " ind2=" " tag="035"><subfield code="a">230412408</subfield><subfield code="9">ExL</subfield></datafield><datafield ind1=" " ind2=" " tag="035"><subfield code="a">(RERO)R005461669-41slsp</subfield></datafield><datafield ind1=" " ind2=" " tag="035"><subfield code="a">(IDSBB)005268427DSV01</subfield></datafield><datafield ind1=" " ind2=" " tag="035"><subfield code="a">(NEBIS)009554264EBI01</subfield></datafield><datafield ind1=" " ind2=" " tag="035"><subfield code="a">(OCoLC)430443038</subfield><subfield code="z">(OCoLC)614262427</subfield></datafield><datafield ind1=" " ind2=" " tag="035"><subfield code="a">(EXLNZ-41SLSP_NETWORK)991098436849705501</subfield></datafield><datafield ind1=" " ind2=" " tag="040"><subfield code="a">DNLM</subfield><subfield code="d">CH-ZuSLS</subfield></datafield><datafield ind1=" " ind2=" " tag="050"><subfield code="a">QH332</subfield><subfield code="b">.B425 2010</subfield></datafield><datafield ind1="0" ind2="0" tag="060"><subfield code="a">2010 E-353</subfield></datafield><datafield ind1="1" ind2="0" tag="060"><subfield code="a">WB 60</subfield><subfield code="b">B371s 2010</subfield></datafield><datafield ind1=" " ind2="7" tag="072"><subfield code="a">me</subfield><subfield code="2">rero</subfield></datafield><datafield ind1=" " ind2="7" tag="072"><subfield code="a">ph</subfield><subfield code="2">SzZuIDS BS/BE</subfield></datafield><datafield ind1="0" ind2="4" tag="082"><subfield code="a">174/.957</subfield><subfield code="2">22</subfield></datafield><datafield ind1=" " ind2=" " tag="084"><subfield code="a">A 58 g</subfield><subfield code="2">cjurrom</subfield></datafield><datafield ind1="1" ind2=" " tag="100"><subfield code="a">Beauchamp, Tom L.</subfield><subfield code="d">1939-</subfield><subfield code="0">(DE-588)132472155</subfield><subfield code="6">880-01</subfield></datafield><datafield ind1="1" ind2=" " tag="880"><subfield code="6">100-01</subfield><subfield code="a">Beauchamp, Tom L.</subfield><subfield code="d">1939-....</subfield><subfield code="0">(IDREF)028909879</subfield><subfield code="4">cre</subfield></datafield><datafield ind1="1" ind2="0" tag="245"><subfield code="a">Standing on principles</subfield><subfield code="b">collected essays</subfield><subfield code="c">Tom L. Beauchamp</subfield></datafield><datafield ind1=" " ind2="1" tag="264"><subfield code="a">Oxford</subfield><subfield code="a">New York</subfield><subfield code="b">Oxford University Press</subfield><subfield code="c">2010</subfield></datafield><datafield ind1=" " ind2=" " tag="300"><subfield code="a">xxvi, 291 p.</subfield><subfield code="b">port.</subfield></datafield><datafield ind1=" " ind2=" " tag="336"><subfield code="b">txt</subfield><subfield code="2">rdacontent</subfield></datafield><datafield ind1=" " ind2=" " tag="337"><subfield code="b">n</subfield><subfield code="2">rdamedia</subfield></datafield><datafield ind1=" " ind2=" " tag="338"><subfield code="b">nc</subfield><subfield code="2">rdacarrier</subfield></datafield><datafield ind1=" " ind2=" " tag="500"><subfield code="a">Contains articles published previously in various sources</subfield></datafield><datafield ind1=" " ind2=" " tag="504"><subfield code="a">Includes bibliographical references and index.</subfield></datafield><datafield ind1="0" ind2=" " tag="505"><subfield code="a">The origins and evolution of the Belmont Report -- Codes, declarations, and other ethical guidance for human subjects research : the Belmont Report -- The four principles approach to health care ethics -- Informed consent : its history and nature -- Who deserves autonomy and whose autonomy deserves respect? -- The concept of paternalism in biomedical ethics -- When hastened death is neither killing nor letting-die -- The exploitation of the economically disadvantaged in pharmaceutical research -- Principles and other emerging paradigms for bioethics -- A defense of the common morality -- From morality to common morality -- On eliminating the distinction between applied ethics and ethical theory -- Does ethical theory have a future in bioethics? -- The failure of theories of personhood -- Looking back and judging our predecessors</subfield></datafield><datafield ind1=" " ind2=" " tag="520"><subfield code="a">The origins and evolution of the Belmont Report -- Codes, declarations, and other ethical guidance for human subjects research : the Belmont Report -- The four principles approach to health care ethics -- Informed consent : its history and nature -- Who deserves autonomy and whose autonomy deserves respect? -- The concept of paternalism in biomedical ethics -- When hastened death is neither killing nor letting die -- The exploitation of the economically disadvantaged in pharmaceutical research -- Principles and other emerging paradigms for bioethics -- A defense of the common morality -- From morality to common morality -- On eliminating the distinction between applied ethics and ethical theory -- Does ethical theory have a future in bioethics? -- The failure of theories of personhood -- Looking back and judging our predecessors</subfield></datafield><datafield ind1=" " ind2="2" tag="650"><subfield code="a">Bioethics</subfield></datafield><datafield ind1=" " ind2="2" tag="650"><subfield code="a">Human Experimentation</subfield></datafield><datafield ind1=" " ind2="7" tag="650"><subfield code="a">Bioéthique</subfield><subfield code="0">(IDREF)027576124</subfield><subfield code="2">idref</subfield></datafield><datafield ind1=" " ind2="0" tag="650"><subfield code="a">Bioethics</subfield></datafield><datafield ind1=" " ind2="0" tag="650"><subfield code="a">Human experimentation in medicine</subfield><subfield code="x">Moral and ethical aspects</subfield></datafield><datafield ind1=" " ind2="2" tag="650"><subfield code="a">Bioethics</subfield><subfield code="0">(DNLM)D001675</subfield></datafield><datafield ind1=" " ind2="2" tag="650"><subfield code="a">Human Experimentation</subfield><subfield code="0">(DNLM)D006805</subfield></datafield><datafield ind1=" " ind2="7" tag="650"><subfield code="a">Bioethik</subfield><subfield code="0">(DE-588)4006791-9</subfield><subfield code="2">gnd</subfield></datafield><datafield ind1=" " ind2="2" tag="655"><subfield code="a">Collected Works</subfield></datafield><datafield ind1=" " ind2="7" tag="655"><subfield code="a">Aufsatzsammlung</subfield><subfield code="2">gnd-content</subfield></datafield><datafield ind1=" " ind2="2" tag="655"><subfield code="a">Collected Work</subfield><subfield code="0">(DNLM)D020470</subfield></datafield><datafield ind1="4" ind2=" " tag="856"><subfield code="3">Inhaltsverzeichnis</subfield><subfield code="u">http://www.ub.unibas.ch/tox/IDSBB/005268427/PDF</subfield><subfield code="q">pdf</subfield></datafield><datafield ind1=" " ind2=" " tag="949"><subfield code="a">http://www.ub.unibas.ch/tox/IDSBB/005268427/PDF</subfield></datafield></record>
</metadata></record>