<record><header><identifier>oai:alma.41SLSP_UGE:991000779409705502</identifier><datestamp>2023-09-29T00:51:42Z</datestamp><setSpec>uge_bcen_RapidILL_BOOK</setSpec><setSpec>uge_aaca_RapidILL_BOOK</setSpec><setSpec>uge_abels_RapidILL_BOOK</setSpec><setSpec>uge_dbu_RapidILL_BOOK</setSpec><setSpec>uge_cmu_RapidILL_BOOK</setSpec><setSpec>uge_mail_RapidILL_BOOK</setSpec><setSpec>uge_abbat_RapidILL_BOOK</setSpec><setSpec>UNIGE_ALL</setSpec><setSpec>uge_acar_RapidILL_BOOK</setSpec><setSpec>uge_aobs_RapidILL_BOOK</setSpec></header><metadata>
<record xmlns="http://www.loc.gov/MARC21/slim" xmlns:xsi="http://www.w3.org/2001/XMLSchema-instance" xsi:schemaLocation="http://www.loc.gov/MARC21/slim http://www.loc.gov/standards/marcxml/schema/MARC21slim.xsd"><leader>00960nam a2200301 c 4500</leader><controlfield tag="001">991000779409705502</controlfield><controlfield tag="005">20201225192825.0</controlfield><controlfield tag="008">920805s1971    no ||||| |||| 00| ||nor d</controlfield><datafield ind1=" " ind2=" " tag="020"><subfield code="a">8250500040</subfield></datafield><datafield ind1=" " ind2=" " tag="035"><subfield code="a">(swissbib)086771205-41slsp_network</subfield></datafield><datafield ind1=" " ind2=" " tag="035"><subfield code="a">086771205</subfield><subfield code="9">ExL</subfield></datafield><datafield ind1=" " ind2=" " tag="035"><subfield code="a">(RERO)1560355-41slsp</subfield></datafield><datafield ind1=" " ind2=" " tag="035"><subfield code="a">(EXLNZ-41SLSP_NETWORK)991160590889705501</subfield></datafield><datafield ind1=" " ind2=" " tag="040"><subfield code="a">RERO nebpun</subfield><subfield code="d">CH-ZuSLS</subfield></datafield><datafield ind1="1" ind2=" " tag="041"><subfield code="a">nor</subfield><subfield code="h">fre</subfield></datafield><datafield ind1=" " ind2="7" tag="072"><subfield code="a">sp</subfield><subfield code="2">rero</subfield></datafield><datafield ind1="1" ind2=" " tag="100"><subfield code="a">Rougemont, Denis de</subfield><subfield code="c">écrivain</subfield><subfield code="d">1906-1985</subfield><subfield code="0">(IDREF)027111210</subfield><subfield code="4">cre</subfield></datafield><datafield ind1="1" ind2="0" tag="245"><subfield code="a">Åpent brev til en europeer</subfield><subfield code="c">Denis de Rougemont ; [aversatt av Marit Eide Rugland]</subfield></datafield><datafield ind1=" " ind2="1" tag="264"><subfield code="a">[Oslo]</subfield><subfield code="b">Elingaard</subfield><subfield code="c">[1971]</subfield></datafield><datafield ind1=" " ind2="4" tag="264"><subfield code="c">© 1971</subfield></datafield><datafield ind1=" " ind2=" " tag="300"><subfield code="a">197 p.</subfield><subfield code="c">19 cm</subfield></datafield><datafield ind1=" " ind2=" " tag="336"><subfield code="b">txt</subfield><subfield code="2">rdacontent</subfield></datafield><datafield ind1=" " ind2=" " tag="337"><subfield code="b">n</subfield><subfield code="2">rdamedia</subfield></datafield><datafield ind1=" " ind2=" " tag="338"><subfield code="b">nc</subfield><subfield code="2">rdacarrier</subfield></datafield><datafield ind1="1" ind2=" " tag="490"><subfield code="a">Verden i morgen</subfield></datafield><datafield ind1=" " ind2=" " tag="500"><subfield code="a">Traduit de: Lettre ouverte aux Européens</subfield></datafield><datafield ind1="1" ind2=" " tag="700"><subfield code="a">Eide Rugland, Marit</subfield><subfield code="0">(RERO)A003212045</subfield></datafield><datafield ind1=" " ind2=" " tag="830"><subfield code="a">Verden i morgen</subfield><subfield code="w">(RERO)1560425-41slsp</subfield></datafield><datafield ind1=" " ind2=" " tag="900"><subfield code="a">REROnoselfmerge</subfield></datafield><datafield ind1=" " ind2=" " tag="961"><subfield code="2">gsi</subfield><subfield code="a">82</subfield><subfield code="9">LOCAL</subfield></datafield></record>
</metadata></record>