<record><header><identifier>oai:alma.41SLSP_UGE:991000779199705502</identifier><datestamp>2023-03-01T01:09:21Z</datestamp><setSpec>uge_bcen_RapidILL_BOOK</setSpec><setSpec>uge_aaca_RapidILL_BOOK</setSpec><setSpec>uge_abels_RapidILL_BOOK</setSpec><setSpec>uge_dbu_RapidILL_BOOK</setSpec><setSpec>uge_cmu_RapidILL_BOOK</setSpec><setSpec>uge_mail_RapidILL_BOOK</setSpec><setSpec>UNIGE_ALL</setSpec><setSpec>uge_abbat_RapidILL_BOOK</setSpec><setSpec>uge_aobs_RapidILL_BOOK</setSpec><setSpec>uge_acar_RapidILL_BOOK</setSpec></header><metadata>
<record xmlns="http://www.loc.gov/MARC21/slim" xmlns:xsi="http://www.w3.org/2001/XMLSchema-instance" xsi:schemaLocation="http://www.loc.gov/MARC21/slim http://www.loc.gov/standards/marcxml/schema/MARC21slim.xsd"><leader>01110nam a2200289 c 4500</leader><controlfield tag="001">991000779199705502</controlfield><controlfield tag="005">20230116182918.0</controlfield><controlfield tag="008">121008s2012    it ||||| |||| 10| ||ita d</controlfield><datafield ind1=" " ind2=" " tag="020"><subfield code="a">9788831712910</subfield></datafield><datafield ind1=" " ind2=" " tag="035"><subfield code="a">(swissbib)116489251-41slsp_network</subfield></datafield><datafield ind1=" " ind2=" " tag="035"><subfield code="a">116489251</subfield><subfield code="9">ExL</subfield></datafield><datafield ind1=" " ind2=" " tag="035"><subfield code="a">(RERO)R007156843-41slsp</subfield></datafield><datafield ind1=" " ind2=" " tag="035"><subfield code="a">(EXLNZ-41SLSP_NETWORK)991060149549705501</subfield></datafield><datafield ind1=" " ind2=" " tag="040"><subfield code="a">RERO geulit</subfield><subfield code="d">CH-ZuSLS</subfield></datafield><datafield ind1=" " ind2="7" tag="072"><subfield code="a">it</subfield><subfield code="2">rero</subfield></datafield><datafield ind1="0" ind2="0" tag="245"><subfield code="a">&lt;&lt;Un'&gt;&gt;altra società</subfield><subfield code="b">Carlo Michelstaedter e la cultura contemporanea</subfield><subfield code="c">a cura di Sergio Campailla</subfield></datafield><datafield ind1=" " ind2="1" tag="264"><subfield code="a">Venezia</subfield><subfield code="b">Marsilio</subfield><subfield code="c">2012</subfield></datafield><datafield ind1=" " ind2=" " tag="300"><subfield code="a">241 p.</subfield></datafield><datafield ind1=" " ind2=" " tag="336"><subfield code="b">txt</subfield><subfield code="2">rdacontent</subfield></datafield><datafield ind1=" " ind2=" " tag="337"><subfield code="b">n</subfield><subfield code="2">rdamedia</subfield></datafield><datafield ind1=" " ind2=" " tag="338"><subfield code="b">nc</subfield><subfield code="2">rdacarrier</subfield></datafield><datafield ind1="0" ind2=" " tag="490"><subfield code="a">Ricerche</subfield></datafield><datafield ind1=" " ind2=" " tag="500"><subfield code="a">Atti del Convegno internazionale organizzato dall'Università di Roma Tre e tenutosi a Roma nei giorni 23-24 novembre 2010</subfield></datafield><datafield ind1="1" ind2="7" tag="600"><subfield code="a">Michelstaedter, Carlo</subfield><subfield code="d">1887-1910</subfield><subfield code="0">(IDREF)029793289</subfield><subfield code="2">idref</subfield></datafield><datafield ind1=" " ind2="7" tag="655"><subfield code="a">Actes de congrès</subfield><subfield code="0">(IDREF)02886431X</subfield><subfield code="2">idref</subfield></datafield><datafield ind1="1" ind2=" " tag="700"><subfield code="a">Campailla, Sergio</subfield><subfield code="d">1945-....</subfield><subfield code="0">(IDREF)028411978</subfield></datafield><datafield ind1="2" ind2=" " tag="710"><subfield code="a">Università di Roma 3</subfield><subfield code="b">Convegno internazionale</subfield><subfield code="d">2010</subfield><subfield code="c">Roma</subfield><subfield code="0">(RERO)A023212009</subfield></datafield><datafield ind1=" " ind2=" " tag="900"><subfield code="a">REROnoselfmerge</subfield></datafield><datafield ind1=" " ind2=" " tag="993"><subfield code="a">BFLA 238152</subfield><subfield code="x">ge/ulit/a/12/241</subfield><subfield code="9">LOCAL</subfield></datafield></record>
</metadata></record>