<record><header><identifier>oai:alma.41SLSP_UGE:991000040159705502</identifier><datestamp>2023-05-07T00:13:50Z</datestamp><setSpec>uge_bcen_RapidILL_BOOK</setSpec><setSpec>uge_aaca_RapidILL_BOOK</setSpec><setSpec>uge_abels_RapidILL_BOOK</setSpec><setSpec>uge_dbu_RapidILL_BOOK</setSpec><setSpec>uge_cmu_RapidILL_BOOK</setSpec><setSpec>uge_mail_RapidILL_BOOK</setSpec><setSpec>UNIGE_ALL</setSpec><setSpec>uge_abbat_RapidILL_BOOK</setSpec><setSpec>uge_acar_RapidILL_BOOK</setSpec><setSpec>uge_aobs_RapidILL_BOOK</setSpec></header><metadata>
<record xmlns="http://www.loc.gov/MARC21/slim" xmlns:xsi="http://www.w3.org/2001/XMLSchema-instance" xsi:schemaLocation="http://www.loc.gov/MARC21/slim http://www.loc.gov/standards/marcxml/schema/MARC21slim.xsd"><leader>03625nam a2200865 c 4500</leader><controlfield tag="001">991000040159705502</controlfield><controlfield tag="005">20230405195959.0</controlfield><controlfield tag="008">201011s2015    nyu      b||| 001 0 eng| </controlfield><datafield ind1=" " ind2=" " tag="010"><subfield code="a">2015012235</subfield></datafield><datafield ind1="7" ind2=" " tag="016"><subfield code="a">101654762</subfield><subfield code="2">DNLM</subfield></datafield><datafield ind1=" " ind2=" " tag="020"><subfield code="a">1580465358</subfield><subfield code="q">hardcover : alk. paper</subfield></datafield><datafield ind1=" " ind2=" " tag="020"><subfield code="a">9781580465359</subfield><subfield code="q">hardcover : alk. paper</subfield></datafield><datafield ind1="7" ind2=" " tag="024"><subfield code="a">http://catalogue.bnf.fr/ark:/12148/cb44442140j</subfield><subfield code="2">uri</subfield></datafield><datafield ind1=" " ind2=" " tag="035"><subfield code="a">(swissbib)229378943-41slsp_network</subfield></datafield><datafield ind1=" " ind2=" " tag="035"><subfield code="a">229378943</subfield><subfield code="9">ExL</subfield></datafield><datafield ind1=" " ind2=" " tag="035"><subfield code="a">(NEBIS)010864453EBI01</subfield></datafield><datafield ind1=" " ind2=" " tag="035"><subfield code="a">(RERO)R008305974-41slsp</subfield></datafield><datafield ind1=" " ind2=" " tag="035"><subfield code="a">(OCoLC)905970308</subfield></datafield><datafield ind1=" " ind2=" " tag="035"><subfield code="a">(EXLNZ-41SLSP_NETWORK)991088241659705501</subfield></datafield><datafield ind1=" " ind2=" " tag="040"><subfield code="a">DNLM/DLC</subfield><subfield code="b">eng</subfield><subfield code="e">rda</subfield><subfield code="d">CH-ZuSLS</subfield></datafield><datafield ind1=" " ind2=" " tag="042"><subfield code="a">pcc</subfield></datafield><datafield ind1=" " ind2=" " tag="043"><subfield code="a">n-us---</subfield></datafield><datafield ind1="0" ind2="0" tag="050"><subfield code="a">HQ56</subfield><subfield code="b">.S43 2015</subfield></datafield><datafield ind1="0" ind2="0" tag="060"><subfield code="a">2016 A-006</subfield></datafield><datafield ind1="0" ind2="0" tag="060"><subfield code="a">2016 A-006</subfield></datafield><datafield ind1="1" ind2="0" tag="060"><subfield code="a">HQ 56</subfield></datafield><datafield ind1="1" ind2="0" tag="060"><subfield code="a">HQ 56</subfield></datafield><datafield ind1=" " ind2="7" tag="072"><subfield code="a">ht</subfield><subfield code="2">rero</subfield></datafield><datafield ind1=" " ind2="7" tag="072"><subfield code="a">ss</subfield><subfield code="2">rero</subfield></datafield><datafield ind1="0" ind2="0" tag="082"><subfield code="a">613.9/6</subfield><subfield code="2">23</subfield></datafield><datafield ind1="1" ind2=" " tag="100"><subfield code="a">Shah, Courtney Q.</subfield><subfield code="d">ca. 20./21. Jh.</subfield><subfield code="0">(DE-588)1108329632</subfield><subfield code="e">Verfasser</subfield><subfield code="4">aut</subfield><subfield code="6">880-01</subfield></datafield><datafield ind1="1" ind2=" " tag="880"><subfield code="6">100-01</subfield><subfield code="a">Shah, Courtney Q.</subfield><subfield code="d">19..-....</subfield><subfield code="0">(IDREF)251576167</subfield><subfield code="4">cre</subfield></datafield><datafield ind1="1" ind2="0" tag="245"><subfield code="a">Sex ed, segregated</subfield><subfield code="b">the quest for sexual knowledge in progressive-era America</subfield><subfield code="c">Courtney Q. Shah</subfield></datafield><datafield ind1=" " ind2="1" tag="264"><subfield code="a">Rochester, NY</subfield><subfield code="b">University of Rochester Press</subfield><subfield code="c">2015</subfield></datafield><datafield ind1=" " ind2=" " tag="300"><subfield code="a">xvi, 212 Seiten</subfield><subfield code="c">24 cm</subfield></datafield><datafield ind1=" " ind2=" " tag="336"><subfield code="b">txt</subfield><subfield code="2">rdacontent</subfield></datafield><datafield ind1=" " ind2=" " tag="337"><subfield code="b">n</subfield><subfield code="2">rdamedia</subfield></datafield><datafield ind1=" " ind2=" " tag="338"><subfield code="b">nc</subfield><subfield code="2">rdacarrier</subfield></datafield><datafield ind1="1" ind2=" " tag="490"><subfield code="a">Gender and race in American history</subfield><subfield code="v">Vol. 6</subfield></datafield><datafield ind1=" " ind2=" " tag="504"><subfield code="a">Includes bibliographical references (pages187-205) and index</subfield></datafield><datafield ind1=" " ind2=" " tag="504"><subfield code="a">Index.</subfield></datafield><datafield ind1="0" ind2=" " tag="505"><subfield code="a">The origins of the sex education movement -- Parental prerogative and school-based sex education -- Sex education for whites only? -- Venereal disease and sex education for African Americans -- Sex education in the American expeditionary force -- Policing sexuality on the home front -- Sex education in the 1920s</subfield></datafield><datafield ind1=" " ind2="7" tag="648"><subfield code="a">1918-1932</subfield><subfield code="2">fast</subfield></datafield><datafield ind1=" " ind2="7" tag="648"><subfield code="a">Geschichte 1865-1918</subfield><subfield code="2">gnd</subfield></datafield><datafield ind1=" " ind2="0" tag="650"><subfield code="a">Sex instruction</subfield><subfield code="z">United States</subfield><subfield code="x">History</subfield></datafield><datafield ind1=" " ind2="0" tag="650"><subfield code="a">Public health</subfield><subfield code="z">United States</subfield><subfield code="x">History</subfield></datafield><datafield ind1=" " ind2="2" tag="650"><subfield code="a">Sex Education</subfield><subfield code="x">history</subfield><subfield code="0">(DNLM)D012736Q000266</subfield></datafield><datafield ind1=" " ind2="2" tag="650"><subfield code="a">Racism</subfield><subfield code="x">history</subfield><subfield code="0">(DNLM)D063505Q000266</subfield></datafield><datafield ind1=" " ind2="2" tag="650"><subfield code="a">Sexuality</subfield><subfield code="x">history</subfield><subfield code="0">(DNLM)D019529Q000266</subfield></datafield><datafield ind1=" " ind2="2" tag="650"><subfield code="a">Sexually Transmitted Diseases</subfield><subfield code="x">prevention &amp; control</subfield><subfield code="0">(DNLM)D012749Q000517</subfield></datafield><datafield ind1=" " ind2="2" tag="650"><subfield code="a">History, 19th Century</subfield><subfield code="0">(DNLM)D049672</subfield></datafield><datafield ind1=" " ind2="2" tag="650"><subfield code="a">History, 20th Century</subfield><subfield code="0">(DNLM)D049673</subfield></datafield><datafield ind1=" " ind2="7" tag="650"><subfield code="a">Public health</subfield><subfield code="2">fast</subfield></datafield><datafield ind1=" " ind2="7" tag="650"><subfield code="a">Sex instruction</subfield><subfield code="2">fast</subfield></datafield><datafield ind1=" " ind2="7" tag="650"><subfield code="a">Social conditions</subfield><subfield code="2">fast</subfield></datafield><datafield ind1=" " ind2="7" tag="650"><subfield code="a">Sexualverhalten</subfield><subfield code="0">(DE-588)4116485-4</subfield><subfield code="2">gnd</subfield></datafield><datafield ind1=" " ind2="7" tag="650"><subfield code="a">Sexualerziehung</subfield><subfield code="0">(DE-588)4054679-2</subfield><subfield code="2">gnd</subfield></datafield><datafield ind1=" " ind2="7" tag="650"><subfield code="a">Rasse</subfield><subfield code="0">(DE-588)4048440-3</subfield><subfield code="2">gnd</subfield></datafield><datafield ind1=" " ind2="7" tag="650"><subfield code="a">Politik</subfield><subfield code="0">(DE-588)4046514-7</subfield><subfield code="2">gnd</subfield></datafield><datafield ind1=" " ind2="7" tag="650"><subfield code="a">Éducation sexuelle</subfield><subfield code="0">(IDREF)027278646</subfield><subfield code="2">idref</subfield></datafield><datafield ind1=" " ind2="7" tag="650"><subfield code="a">Racisme</subfield><subfield code="0">(IDREF)027341690</subfield><subfield code="2">idref</subfield></datafield><datafield ind1=" " ind2="7" tag="650"><subfield code="a">Ségrégation</subfield><subfield code="0">(IDREF)02735864X</subfield><subfield code="2">idref</subfield></datafield><datafield ind1=" " ind2="7" tag="650"><subfield code="a">Rôle selon le sexe</subfield><subfield code="0">(IDREF)027242765</subfield><subfield code="2">idref</subfield></datafield><datafield ind1=" " ind2="7" tag="650"><subfield code="a">Classes sociales</subfield><subfield code="0">(IDREF)027260402</subfield><subfield code="2">idref</subfield></datafield><datafield ind1=" " ind2="7" tag="650"><subfield code="a">Infections sexuellement transmissibles</subfield><subfield code="0">(IDREF)027313530</subfield><subfield code="2">idref</subfield></datafield><datafield ind1=" " ind2="7" tag="650"><subfield code="a">Morale sexuelle</subfield><subfield code="0">(IDREF)027459861</subfield><subfield code="2">idref</subfield></datafield><datafield ind1=" " ind2="7" tag="650"><subfield code="a">Sexualité</subfield><subfield code="0">(IDREF)027248720</subfield><subfield code="2">idref</subfield></datafield><datafield ind1=" " ind2="7" tag="650"><subfield code="a">20e siècle (début)</subfield><subfield code="0">(RERO)A022501156</subfield><subfield code="2">rero</subfield></datafield><datafield ind1=" " ind2="0" tag="651"><subfield code="a">United States</subfield><subfield code="x">Social conditions</subfield><subfield code="y">1918-1932</subfield></datafield><datafield ind1=" " ind2="2" tag="651"><subfield code="a">United States</subfield><subfield code="0">(DNLM)D014481</subfield></datafield><datafield ind1=" " ind2="7" tag="651"><subfield code="a">United States</subfield><subfield code="2">fast</subfield></datafield><datafield ind1=" " ind2="7" tag="651"><subfield code="a">USA</subfield><subfield code="0">(DE-588)4078704-7</subfield><subfield code="2">gnd</subfield></datafield><datafield ind1=" " ind2="7" tag="651"><subfield code="a">États-Unis</subfield><subfield code="0">(IDREF)027225488</subfield><subfield code="2">idref</subfield></datafield><datafield ind1=" " ind2="7" tag="655"><subfield code="a">History</subfield><subfield code="2">fast</subfield></datafield><datafield ind1=" " ind2="0" tag="830"><subfield code="a">Gender and race in American history</subfield><subfield code="v">6</subfield><subfield code="w">(NEBIS)009651780EBI01</subfield></datafield><datafield ind1=" " ind2=" " tag="900"><subfield code="a">REROnoselfmerge</subfield></datafield></record>
</metadata></record>