<record><header><identifier>oai:alma.41SLSP_UGE:991000040679705502</identifier><datestamp>2024-10-10T00:07:47Z</datestamp><setSpec>uge_bcen_RapidILL_BOOK</setSpec><setSpec>uge_aaca_RapidILL_BOOK</setSpec><setSpec>uge_abels_RapidILL_BOOK</setSpec><setSpec>uge_dbu_RapidILL_BOOK</setSpec><setSpec>uge_cmu_RapidILL_BOOK</setSpec><setSpec>uge_mail_RapidILL_BOOK</setSpec><setSpec>uge_abbat_RapidILL_BOOK</setSpec><setSpec>UNIGE_ALL</setSpec><setSpec>uge_aobs_RapidILL_BOOK</setSpec><setSpec>uge_acar_RapidILL_BOOK</setSpec></header><metadata>
<record xmlns="http://www.loc.gov/MARC21/slim" xmlns:xsi="http://www.w3.org/2001/XMLSchema-instance" xsi:schemaLocation="http://www.loc.gov/MARC21/slim http://www.loc.gov/standards/marcxml/schema/MARC21slim.xsd"><leader>01057nam a22003137c 4500</leader><controlfield tag="001">991000040679705502</controlfield><controlfield tag="005">20221207141854.0</controlfield><controlfield tag="008">201011s1945    fr ||||| |||| 00| ||fre d</controlfield><datafield ind1="7" ind2=" " tag="024"><subfield code="a">http://catalogue.bnf.fr/ark:/12148/cb322264704</subfield><subfield code="2">uri</subfield></datafield><datafield ind1=" " ind2=" " tag="035"><subfield code="a">(swissbib)214963454-41slsp_network</subfield></datafield><datafield ind1=" " ind2=" " tag="035"><subfield code="a">214963454</subfield><subfield code="9">ExL</subfield></datafield><datafield ind1=" " ind2=" " tag="035"><subfield code="a">(RERO)0351839-41slsp</subfield></datafield><datafield ind1=" " ind2=" " tag="035"><subfield code="a">(IDSBB)000306473DSV01</subfield></datafield><datafield ind1=" " ind2=" " tag="035"><subfield code="a">(EXLNZ-41SLSP_NETWORK)991053985309705501</subfield></datafield><datafield ind1=" " ind2=" " tag="040"><subfield code="a">RERO</subfield><subfield code="d">CH-ZuSLS</subfield></datafield><datafield ind1=" " ind2="7" tag="072"><subfield code="a">ha</subfield><subfield code="2">rero</subfield></datafield><datafield ind1=" " ind2="7" tag="072"><subfield code="a">ga</subfield><subfield code="2">SzZuIDS BS/BE</subfield></datafield><datafield ind1="1" ind2="4" tag="082"><subfield code="a">900</subfield><subfield code="2">15</subfield></datafield><datafield ind1="1" ind2=" " tag="100"><subfield code="a">Hatzfeld, Jean</subfield><subfield code="d">1880-1947</subfield><subfield code="6">880-01</subfield><subfield code="0">(DE-588)140652698</subfield></datafield><datafield ind1="1" ind2=" " tag="880"><subfield code="6">100-01</subfield><subfield code="a">Hatzfeld, Jean</subfield><subfield code="d">1880-1947</subfield><subfield code="0">(IDREF)031875483</subfield><subfield code="4">aut</subfield></datafield><datafield ind1="1" ind2="0" tag="245"><subfield code="a">&lt;&lt;La&gt;&gt; Grèce et son héritage</subfield><subfield code="c">Jean Hatzfeld</subfield></datafield><datafield ind1=" " ind2="1" tag="264"><subfield code="a">Paris</subfield><subfield code="b">Aubier</subfield><subfield code="c">1945</subfield></datafield><datafield ind1=" " ind2=" " tag="300"><subfield code="a">294 p.</subfield><subfield code="c">22 cm</subfield></datafield><datafield ind1=" " ind2=" " tag="336"><subfield code="b">txt</subfield><subfield code="2">rdacontent</subfield></datafield><datafield ind1=" " ind2=" " tag="337"><subfield code="b">n</subfield><subfield code="2">rdamedia</subfield></datafield><datafield ind1=" " ind2=" " tag="338"><subfield code="b">nc</subfield><subfield code="2">rdacarrier</subfield></datafield><datafield ind1="1" ind2=" " tag="490"><subfield code="a">Les grandes crises de l'histoire</subfield></datafield><datafield ind1=" " ind2="7" tag="651"><subfield code="a">Grèce</subfield><subfield code="y">Jusqu'à 395</subfield><subfield code="0">(IDREF)027355802</subfield><subfield code="2">idref</subfield></datafield><datafield ind1=" " ind2=" " tag="830"><subfield code="a">&lt;&lt;Les&gt;&gt; Grandes Crises de l'Histoire</subfield><subfield code="w">(RERO)0490155-41slsp</subfield></datafield><datafield ind1=" " ind2=" " tag="900"><subfield code="a">REROnoselfmerge</subfield></datafield></record>
</metadata></record>