<record><header><identifier>oai:alma.41SLSP_UGE:991000040469705502</identifier><datestamp>2023-11-25T01:44:13Z</datestamp><setSpec>uge_bcen_RapidILL_BOOK</setSpec><setSpec>uge_aaca_RapidILL_BOOK</setSpec><setSpec>uge_abels_RapidILL_BOOK</setSpec><setSpec>uge_dbu_RapidILL_BOOK</setSpec><setSpec>uge_cmu_RapidILL_BOOK</setSpec><setSpec>uge_mail_RapidILL_BOOK</setSpec><setSpec>uge_abbat_RapidILL_BOOK</setSpec><setSpec>UNIGE_ALL</setSpec><setSpec>uge_aobs_RapidILL_BOOK</setSpec><setSpec>uge_acar_RapidILL_BOOK</setSpec></header><metadata>
<record xmlns="http://www.loc.gov/MARC21/slim" xmlns:xsi="http://www.w3.org/2001/XMLSchema-instance" xsi:schemaLocation="http://www.loc.gov/MARC21/slim http://www.loc.gov/standards/marcxml/schema/MARC21slim.xsd"><leader>03787nam a2200853 c 4500</leader><controlfield tag="001">991000040469705502</controlfield><controlfield tag="005">20230327182425.0</controlfield><controlfield tag="008">201011s1999    sz ||||| |||| 00| ||fre d</controlfield><datafield ind1=" " ind2=" " tag="020"><subfield code="a">2940162050</subfield><subfield code="c">CHF 52.00</subfield></datafield><datafield ind1="7" ind2=" " tag="024"><subfield code="a">http://catalogue.bnf.fr/ark:/12148/cb40210945g</subfield><subfield code="2">uri</subfield></datafield><datafield ind1=" " ind2=" " tag="035"><subfield code="a">(swissbib)217791964-41slsp_network</subfield></datafield><datafield ind1=" " ind2=" " tag="035"><subfield code="a">217791964</subfield><subfield code="9">ExL</subfield></datafield><datafield ind1=" " ind2=" " tag="035"><subfield code="a">(RERO)R250877960-41slsp</subfield></datafield><datafield ind1=" " ind2=" " tag="035"><subfield code="a">(IDSBB)001648266DSV01</subfield></datafield><datafield ind1=" " ind2=" " tag="035"><subfield code="a">(NEBIS)002091854EBI01</subfield></datafield><datafield ind1=" " ind2=" " tag="035"><subfield code="a">(IDSLU)000196982ILU01</subfield></datafield><datafield ind1=" " ind2=" " tag="035"><subfield code="a">(ALEX)bv80069545</subfield></datafield><datafield ind1=" " ind2=" " tag="035"><subfield code="a">(EXLNZ-41SLSP_NETWORK)991112998369705501</subfield></datafield><datafield ind1=" " ind2=" " tag="040"><subfield code="a">RERO neuses</subfield><subfield code="d">CH-ZuSLS</subfield></datafield><datafield ind1=" " ind2=" " tag="044"><subfield code="a">sz</subfield><subfield code="c">ch-ne</subfield></datafield><datafield ind1=" " ind2="7" tag="072"><subfield code="a">ht</subfield><subfield code="2">rero</subfield></datafield><datafield ind1=" " ind2="7" tag="072"><subfield code="a">sg</subfield><subfield code="2">SzZuIDS BS/BE</subfield></datafield><datafield ind1=" " ind2="7" tag="072"><subfield code="a">660</subfield><subfield code="2">IDS LU</subfield></datafield><datafield ind1="1" ind2="4" tag="082"><subfield code="a">949.4</subfield><subfield code="2">15</subfield></datafield><datafield ind1=" " ind2=" " tag="084"><subfield code="a">NO 7630</subfield><subfield code="2">rvk</subfield></datafield><datafield ind1="0" ind2="0" tag="245"><subfield code="a">&lt;&lt;L'&gt;&gt;invasion de 1798</subfield><subfield code="b">documents d'archives françaises concernant la liquidation de l'Ancien Régime en Suisse par la France</subfield><subfield code="c">[ouvrage collectif publ. sous la dir. de Derck Engelberts et Jürg Stüssi-Lauterburg] ; [en collab. avec Alain Berlincourt, Hans Luginbühl et Bianca Pauli] ; [avant-propos du Conseiller fédéral Adolf Ogi et préf. du professeur Philippe Henry]</subfield></datafield><datafield ind1=" " ind2="1" tag="264"><subfield code="a">Auvernier</subfield><subfield code="b">Ed. Le Roset</subfield><subfield code="c">1999</subfield></datafield><datafield ind1=" " ind2="3" tag="264"><subfield code="a">Peseux</subfield><subfield code="b">Impr. de l'Ouest</subfield></datafield><datafield ind1=" " ind2=" " tag="300"><subfield code="a">307 p.</subfield><subfield code="b">ill.</subfield><subfield code="c">24 cm</subfield></datafield><datafield ind1=" " ind2=" " tag="336"><subfield code="b">txt</subfield><subfield code="2">rdacontent</subfield></datafield><datafield ind1=" " ind2=" " tag="337"><subfield code="b">n</subfield><subfield code="2">rdamedia</subfield></datafield><datafield ind1=" " ind2=" " tag="338"><subfield code="b">nc</subfield><subfield code="2">rdacarrier</subfield></datafield><datafield ind1=" " ind2=" " tag="500"><subfield code="a">Collaborateurs: Alain Berlincourt, Hans Luginbühl et Bianca Pauli.</subfield></datafield><datafield ind1=" " ind2=" " tag="504"><subfield code="a">Bibliogr.: p. 305-306</subfield></datafield><datafield ind1=" " ind2="7" tag="648"><subfield code="a">Geschichte 1750-1800</subfield><subfield code="2">idszbz</subfield></datafield><datafield ind1=" " ind2="7" tag="648"><subfield code="a">Geschichte 1798</subfield><subfield code="2">idszbz</subfield></datafield><datafield ind1=" " ind2="7" tag="650"><subfield code="a">1798</subfield><subfield code="2">rero</subfield></datafield><datafield ind1=" " ind2="7" tag="650"><subfield code="a">Französische Revolution</subfield><subfield code="z">Schweiz</subfield><subfield code="v">Quelle</subfield><subfield code="2">idsbb</subfield></datafield><datafield ind1=" " ind2="7" tag="650"><subfield code="a">Helvetik</subfield><subfield code="0">(DE-588)4411191-5</subfield><subfield code="2">gnd</subfield></datafield><datafield ind1=" " ind2="7" tag="650"><subfield code="a">Revolution</subfield><subfield code="z">französische</subfield><subfield code="z">Schweiz</subfield><subfield code="v">Quellen</subfield><subfield code="2">idsbb</subfield></datafield><datafield ind1=" " ind2="7" tag="651"><subfield code="a">Suisse</subfield><subfield code="0">(IDREF)027249654</subfield><subfield code="2">idref</subfield></datafield><datafield ind1=" " ind2="7" tag="651"><subfield code="a">Bern (Kanton)</subfield><subfield code="y">Geschichte Helvetik</subfield><subfield code="v">Quelle</subfield><subfield code="2">idsbb</subfield></datafield><datafield ind1=" " ind2="7" tag="651"><subfield code="a">Schweiz</subfield><subfield code="y">Geschichte Helvetik</subfield><subfield code="v">Quelle</subfield><subfield code="2">idsbb</subfield></datafield><datafield ind1=" " ind2="7" tag="651"><subfield code="a">Frankreich</subfield><subfield code="2">idszbz</subfield></datafield><datafield ind1=" " ind2="7" tag="651"><subfield code="a">Schweiz</subfield><subfield code="2">idszbz</subfield></datafield><datafield ind1=" " ind2="0" tag="651"><subfield code="a">France</subfield><subfield code="x">Foreign relations</subfield><subfield code="z">Switzerland</subfield></datafield><datafield ind1=" " ind2="0" tag="651"><subfield code="a">France</subfield><subfield code="x">History, Military</subfield><subfield code="y">1789-1815</subfield><subfield code="v">Sources</subfield></datafield><datafield ind1=" " ind2="0" tag="651"><subfield code="a">Switzerland</subfield><subfield code="x">History</subfield><subfield code="y">Helvetic Republic, 1798-1803</subfield><subfield code="v">Sources</subfield></datafield><datafield ind1=" " ind2="7" tag="651"><subfield code="a">Schweiz</subfield><subfield code="x">Französische Revolution</subfield><subfield code="v">Quellen</subfield><subfield code="2">idsbb</subfield></datafield><datafield ind1=" " ind2="7" tag="651"><subfield code="a">Bern (Kanton)</subfield><subfield code="y">Geschichte Helvetik</subfield><subfield code="v">Quellen</subfield><subfield code="2">idsbb</subfield></datafield><datafield ind1=" " ind2="7" tag="651"><subfield code="a">Schweiz</subfield><subfield code="y">Geschichte Helvetik</subfield><subfield code="v">Quellen</subfield><subfield code="2">idsbb</subfield></datafield><datafield ind1=" " ind2="7" tag="655"><subfield code="a">[document]</subfield><subfield code="2">rerovoc</subfield><subfield code="0">(RERO)A010182398</subfield></datafield><datafield ind1=" " ind2="7" tag="655"><subfield code="a">Quelle</subfield><subfield code="2">idszbz</subfield></datafield><datafield ind1=" " ind2=" " tag="690"><subfield code="a">Untergang der Alten Eidgenossenschaft</subfield><subfield code="2">bsb-BB</subfield></datafield><datafield ind1=" " ind2=" " tag="690"><subfield code="a">Geschichte Allgemeine Schweiz Neuzeit</subfield><subfield code="2">bsb-BB</subfield></datafield><datafield ind1=" " ind2=" " tag="690"><subfield code="a">Untergang des Alten Bern</subfield><subfield code="2">ube-BE</subfield></datafield><datafield ind1=" " ind2=" " tag="690"><subfield code="a">Übergang, Allgemeines</subfield><subfield code="2">ube-BE</subfield></datafield><datafield ind1=" " ind2=" " tag="690"><subfield code="a">Allgemeine Geschichte, 18. Jh., Übergang</subfield><subfield code="2">ube-BE</subfield></datafield><datafield ind1=" " ind2=" " tag="690"><subfield code="a">Helvetik 1798/1802. A. Quelle. Verzeichnis</subfield><subfield code="2">rzs-L1</subfield></datafield><datafield ind1=" " ind2=" " tag="690"><subfield code="a">Schweiz &amp; Frankreich. Geschichte. 18. Jh. 1798. A. Quelle. Verzeichnis</subfield><subfield code="2">rzs-L1</subfield></datafield><datafield ind1=" " ind2=" " tag="690"><subfield code="a">Frankreich &amp; Schweiz. Geschichte. 18. Jh. 1798. A. Quelle. Verzeichnis</subfield><subfield code="2">rzs-L1</subfield></datafield><datafield ind1=" " ind2=" " tag="690"><subfield code="a">Schweiz. Geschichte. Quellen</subfield><subfield code="2">rzs-L2</subfield></datafield><datafield ind1=" " ind2=" " tag="690"><subfield code="a">Schweiz. Geschichte. 18. Jh.</subfield><subfield code="2">rzs-L2</subfield></datafield><datafield ind1=" " ind2=" " tag="690"><subfield code="a">Franzoseneinfall (1798)</subfield><subfield code="2">rzs-L2</subfield></datafield><datafield ind1=" " ind2=" " tag="691"><subfield code="e">1.4.1 1798</subfield><subfield code="2">ube-GA</subfield></datafield><datafield ind1="1" ind2=" " tag="700"><subfield code="a">Engelberts, Derck</subfield><subfield code="d">1957-</subfield><subfield code="0">(DE-588)1154495426</subfield></datafield><datafield ind1="1" ind2=" " tag="700"><subfield code="a">Luginbühl, Hans</subfield></datafield><datafield ind1="1" ind2=" " tag="700"><subfield code="a">Pauli, Bianca</subfield></datafield><datafield ind1="1" ind2=" " tag="700"><subfield code="a">Stüssi-Lauterburg, Jürg</subfield><subfield code="d">1954-</subfield><subfield code="0">(DE-588)123173922</subfield></datafield><datafield ind1="1" ind2=" " tag="700"><subfield code="a">Engelberts, Derck</subfield><subfield code="0">(DE-588)175437912</subfield></datafield><datafield ind1="1" ind2=" " tag="700"><subfield code="a">Engelberts, Derck</subfield></datafield><datafield ind1="1" ind2=" " tag="700"><subfield code="a">Engelberts, Derck C.E</subfield><subfield code="0">(RERO)A003217406</subfield></datafield><datafield ind1="1" ind2=" " tag="700"><subfield code="a">Henry, Philippe</subfield><subfield code="c">historien</subfield><subfield code="d">1948-....</subfield><subfield code="0">(IDREF)030930707</subfield></datafield><datafield ind1="1" ind2=" " tag="700"><subfield code="a">Berlincourt, Alain</subfield><subfield code="d">19..-....</subfield><subfield code="0">(IDREF)251365530</subfield></datafield><datafield ind1=" " ind2=" " tag="900"><subfield code="a">REROnoselfmerge</subfield></datafield><datafield ind1=" " ind2=" " tag="900"><subfield code="a">IDSZ2zbzmon199910e</subfield><subfield code="c">IDSZ2geis</subfield><subfield code="d">IDSZ2zbzswk200002b</subfield><subfield code="e">IDSZ2erbe</subfield></datafield></record>
</metadata></record>