<record><header><identifier>oai:alma.41SLSP_UGE:991000040149705502</identifier><datestamp>2024-11-15T01:10:14Z</datestamp><setSpec>uge_bcen_RapidILL_BOOK</setSpec><setSpec>uge_aaca_RapidILL_BOOK</setSpec><setSpec>uge_abels_RapidILL_BOOK</setSpec><setSpec>uge_dbu_RapidILL_BOOK</setSpec><setSpec>uge_cmu_RapidILL_BOOK</setSpec><setSpec>uge_mail_RapidILL_BOOK</setSpec><setSpec>uge_abbat_RapidILL_BOOK</setSpec><setSpec>UNIGE_ALL</setSpec><setSpec>uge_acar_RapidILL_BOOK</setSpec><setSpec>uge_aobs_RapidILL_BOOK</setSpec></header><metadata>
<record xmlns="http://www.loc.gov/MARC21/slim" xmlns:xsi="http://www.w3.org/2001/XMLSchema-instance" xsi:schemaLocation="http://www.loc.gov/MARC21/slim http://www.loc.gov/standards/marcxml/schema/MARC21slim.xsd"><leader>03799nam a2200757 c 4500</leader><controlfield tag="001">991000040149705502</controlfield><controlfield tag="005">20241114230826.0</controlfield><controlfield tag="008">201011s2003    sz ||||| |||| 00| ||fre d</controlfield><datafield ind1=" " ind2=" " tag="020"><subfield code="a">9782880745516</subfield><subfield code="c">eur. 41.70</subfield></datafield><datafield ind1=" " ind2=" " tag="020"><subfield code="a">2880745519</subfield></datafield><datafield ind1=" " ind2=" " tag="035"><subfield code="a">(swissbib)225332574-41slsp_network</subfield></datafield><datafield ind1=" " ind2=" " tag="035"><subfield code="a">225332574</subfield><subfield code="9">ExL</subfield></datafield><datafield ind1=" " ind2=" " tag="035"><subfield code="a">(RERO)R003554095-41slsp</subfield></datafield><datafield ind1=" " ind2=" " tag="035"><subfield code="a">(NEBIS)004605552EBI01</subfield></datafield><datafield ind1=" " ind2=" " tag="035"><subfield code="a">(IDSBB)003352918DSV01</subfield></datafield><datafield ind1=" " ind2=" " tag="035"><subfield code="a">(SBT)000308378SBT01</subfield></datafield><datafield ind1=" " ind2=" " tag="035"><subfield code="a">(ALEX)bv001255696</subfield></datafield><datafield ind1=" " ind2=" " tag="035"><subfield code="a">(EXLNZ-41SLSP_NETWORK)991138322719705501</subfield></datafield><datafield ind1=" " ind2=" " tag="040"><subfield code="a">RERO labcur</subfield><subfield code="d">CH-ZuSLS</subfield></datafield><datafield ind1=" " ind2=" " tag="044"><subfield code="a">sz</subfield><subfield code="c">ch-vd</subfield></datafield><datafield ind1=" " ind2="7" tag="072"><subfield code="a">at</subfield><subfield code="2">rero</subfield></datafield><datafield ind1="0" ind2="0" tag="245"><subfield code="a">Photographie et architecture moderne</subfield><subfield code="b">la collection Alberto Sartoris</subfield><subfield code="c">les archives de la construction moderne ; sous la dir. de Antoine Baudin</subfield></datafield><datafield ind1=" " ind2="1" tag="264"><subfield code="a">Lausanne</subfield><subfield code="b">Presses polytechniques et universitaires romandes</subfield><subfield code="c">[2003]</subfield></datafield><datafield ind1=" " ind2="4" tag="264"><subfield code="c">© 2003</subfield></datafield><datafield ind1=" " ind2=" " tag="300"><subfield code="a">241 p.</subfield><subfield code="b">ill. en noir et blanc</subfield><subfield code="c">30 cm</subfield></datafield><datafield ind1=" " ind2=" " tag="336"><subfield code="b">txt</subfield><subfield code="2">rdacontent</subfield></datafield><datafield ind1=" " ind2=" " tag="337"><subfield code="b">n</subfield><subfield code="2">rdamedia</subfield></datafield><datafield ind1=" " ind2=" " tag="338"><subfield code="b">nc</subfield><subfield code="2">rdacarrier</subfield></datafield><datafield ind1="1" ind2=" " tag="490"><subfield code="a">Les archives de la construction modern</subfield><subfield code="v">[10]</subfield></datafield><datafield ind1=" " ind2=" " tag="500"><subfield code="a">&quot;Cet ouvrage est publié à l'occasion de l'exposition &quot;Photographie et architecture moderne. La collection Alberto Sartoris&quot; présentée par les Archives de la construction moderne, du 9 octobre au 16 novembre 2003, à l'Ecole polytechnique fédérale de Lausanne&quot;</subfield></datafield><datafield ind1=" " ind2=" " tag="504"><subfield code="a">Bibliographie: p. 239-240</subfield></datafield><datafield ind1="4" ind2=" " tag="510"><subfield code="a">Kunst+Architektur, 2012,2,p. 12-19 (Antoine Baudin)</subfield></datafield><datafield ind1="8" ind2=" " tag="520"><subfield code="a">Biographie d'Alberto Sartoris (p. 237-238) ; Répertoire des auteurs représentés dans la collection Sartoris (p. 221-230)</subfield><subfield code="5">RERO/labcur/12.2003</subfield></datafield><datafield ind1="1" ind2="7" tag="600"><subfield code="a">Sartoris, Alberto</subfield><subfield code="d">1901-1998</subfield><subfield code="0">(IDREF)02881469X</subfield><subfield code="2">idref</subfield></datafield><datafield ind1="1" ind2="4" tag="600"><subfield code="a">Sartoris, Alberto</subfield><subfield code="d">1901-1998</subfield><subfield code="0">(DE-588)119006553</subfield></datafield><datafield ind1=" " ind2="7" tag="650"><subfield code="a">Architecture</subfield><subfield code="0">(IDREF)027228983</subfield><subfield code="2">idref</subfield></datafield><datafield ind1=" " ind2="7" tag="650"><subfield code="a">collection</subfield><subfield code="0">(RERO)A009971137</subfield><subfield code="2">rerovoc</subfield></datafield><datafield ind1=" " ind2="7" tag="650"><subfield code="a">Photographie</subfield><subfield code="0">(IDREF)28224248</subfield><subfield code="2">idref</subfield></datafield><datafield ind1=" " ind2="7" tag="650"><subfield code="a">COLLECTIONS PHOTOGRAPHIQUES (PHOTOGRAPHIE)</subfield><subfield code="9">fre</subfield><subfield code="0">(ETHUDK)000035982</subfield><subfield code="2">ethudk</subfield></datafield><datafield ind1=" " ind2="7" tag="650"><subfield code="a">FONCTIONNALISME + RATIONALISME (ARCHITECTURE)</subfield><subfield code="9">fre</subfield><subfield code="0">(ETHUDK)000047160</subfield><subfield code="2">ethudk</subfield></datafield><datafield ind1=" " ind2="7" tag="650"><subfield code="a">MODERNISME + MOUVEMENT MODERNE (ARCHITECTURE)</subfield><subfield code="9">fre</subfield><subfield code="0">(ETHUDK)000047344</subfield><subfield code="2">ethudk</subfield></datafield><datafield ind1=" " ind2="7" tag="650"><subfield code="a">NOUVELLE ARCHITECTURE</subfield><subfield code="9">fre</subfield><subfield code="0">(ETHUDK)000047156</subfield><subfield code="2">ethudk</subfield></datafield><datafield ind1=" " ind2="7" tag="650"><subfield code="a">PHOTOGRAPHIES D'ŒUVRES ARCHITECTURALES (PHOTOGRAPHIE)</subfield><subfield code="9">fre</subfield><subfield code="0">(ETHUDK)000035881</subfield><subfield code="2">ethudk</subfield></datafield><datafield ind1=" " ind2="7" tag="650"><subfield code="a">&quot;1920/1950&quot;</subfield><subfield code="2">ethudk</subfield></datafield><datafield ind1=" " ind2="7" tag="650"><subfield code="a">Architekturphotographie</subfield><subfield code="x">Moderne</subfield><subfield code="v">Ausstellungskatalog</subfield><subfield code="2">idsbb</subfield></datafield><datafield ind1=" " ind2="7" tag="650"><subfield code="a">Moderne</subfield><subfield code="x">Architekturphotographie</subfield><subfield code="v">Ausstellungskatalog</subfield><subfield code="2">idsbb</subfield></datafield><datafield ind1=" " ind2="7" tag="650"><subfield code="a">Architettura</subfield><subfield code="y">Sec. 20.</subfield><subfield code="x">Fotografie</subfield><subfield code="x">Collezioni [di] Sartoris, Alberto</subfield><subfield code="x">Cataloghi di esposizioni</subfield><subfield code="2">sbt12</subfield></datafield><datafield ind1=" " ind2="7" tag="655"><subfield code="a">Catalogues d'exposition</subfield><subfield code="0">(IDREF)027320456</subfield><subfield code="2">idref</subfield></datafield><datafield ind1=" " ind2="7" tag="655"><subfield code="a">Ausstellungskatalog</subfield><subfield code="z">Lausanne</subfield><subfield code="y">2003</subfield><subfield code="2">gnd-content</subfield></datafield><datafield ind1=" " ind2=" " tag="690"><subfield code="a">Architekturphotographie</subfield><subfield code="x">Sammlung</subfield><subfield code="2">nebis-E4</subfield></datafield><datafield ind1=" " ind2=" " tag="690"><subfield code="a">Architektur</subfield><subfield code="x">20.Jh.</subfield><subfield code="2">nebis-E4</subfield></datafield><datafield ind1=" " ind2=" " tag="690"><subfield code="a">Lausanne</subfield><subfield code="x">Ausstellung</subfield><subfield code="x">Ecole polytechnique fédérale</subfield><subfield code="2">nebis-E4</subfield></datafield><datafield ind1=" " ind2=" " tag="690"><subfield code="a">Moderne</subfield><subfield code="x">Architektur</subfield><subfield code="2">nebis-E4</subfield></datafield><datafield ind1=" " ind2=" " tag="690"><subfield code="a">Sartoris, Alberto</subfield><subfield code="d">1901-1998</subfield><subfield code="2">nebis-E5</subfield></datafield><datafield ind1=" " ind2=" " tag="691"><subfield code="e">720.036.1</subfield><subfield code="2">usi-TM</subfield></datafield><datafield ind1="1" ind2=" " tag="700"><subfield code="a">Sartoris, Alberto</subfield><subfield code="d">1901-1998</subfield><subfield code="0">(DE-588)119006553</subfield></datafield><datafield ind1="1" ind2=" " tag="700"><subfield code="a">Sartoris, Alberto</subfield></datafield><datafield ind1="1" ind2=" " tag="700"><subfield code="a">Baudin, Antoine</subfield><subfield code="d">1946-</subfield><subfield code="0">(DE-588)1056694505</subfield><subfield code="6">880-02</subfield></datafield><datafield ind1="1" ind2=" " tag="880"><subfield code="6">700-02</subfield><subfield code="a">Baudin, Antoine</subfield><subfield code="d">1946-....</subfield><subfield code="0">(IDREF)026709805</subfield></datafield><datafield ind1="2" ind2=" " tag="710"><subfield code="a">Archives de la Construction Moderne</subfield><subfield code="0">(DE-588)5096599-2</subfield></datafield><datafield ind1="2" ind2=" " tag="710"><subfield code="a">École polytechnique fédérale de Lausanne</subfield><subfield code="0">(DE-588)1003500-X</subfield></datafield><datafield ind1="2" ind2=" " tag="710"><subfield code="a">Archives de la construction moderne</subfield><subfield code="g">Lausanne, Suisse</subfield><subfield code="0">(IDREF)035545585</subfield></datafield><datafield ind1=" " ind2=" " tag="830"><subfield code="a">&lt;&lt;Les&gt;&gt; archives de la construction moderne</subfield><subfield code="v">10</subfield><subfield code="w">(SBT)000128538SBT01</subfield></datafield><datafield ind1=" " ind2=" " tag="900"><subfield code="a">REROnoselfmerge</subfield></datafield><datafield ind1=" " ind2=" " tag="900"><subfield code="a">IDSE5E34ANH-2005</subfield></datafield><datafield ind1=" " ind2=" " tag="900"><subfield code="a">IDSE5E44ANH-2004</subfield></datafield><datafield ind1=" " ind2=" " tag="900"><subfield code="a">IDSE5E61ANH-2004</subfield></datafield><datafield ind1=" " ind2=" " tag="993"><subfield code="a">BFLB 23734</subfield><subfield code="x">ge/ulha/a/04/0330</subfield><subfield code="9">LOCAL</subfield></datafield></record>
</metadata></record>