<record><header><identifier>oai:alma.41SLSP_UGE:991000040669705502</identifier><datestamp>2023-04-10T00:16:27Z</datestamp><setSpec>uge_bcen_RapidILL_BOOK</setSpec><setSpec>uge_aaca_RapidILL_BOOK</setSpec><setSpec>uge_abels_RapidILL_BOOK</setSpec><setSpec>uge_dbu_RapidILL_BOOK</setSpec><setSpec>uge_cmu_RapidILL_BOOK</setSpec><setSpec>uge_mail_RapidILL_BOOK</setSpec><setSpec>uge_abbat_RapidILL_BOOK</setSpec><setSpec>UNIGE_ALL</setSpec><setSpec>uge_aobs_RapidILL_BOOK</setSpec><setSpec>uge_acar_RapidILL_BOOK</setSpec></header><metadata>
<record xmlns="http://www.loc.gov/MARC21/slim" xmlns:xsi="http://www.w3.org/2001/XMLSchema-instance" xsi:schemaLocation="http://www.loc.gov/MARC21/slim http://www.loc.gov/standards/marcxml/schema/MARC21slim.xsd"><leader>01291nam a2200313 c 4500</leader><controlfield tag="001">991000040669705502</controlfield><controlfield tag="005">20230409155459.0</controlfield><controlfield tag="008">080901s2008    sz ||||| m||| 00| ||fre d</controlfield><datafield ind1=" " ind2=" " tag="035"><subfield code="a">(swissbib)107091208-41slsp_network</subfield></datafield><datafield ind1=" " ind2=" " tag="035"><subfield code="a">107091208</subfield><subfield code="9">ExL</subfield></datafield><datafield ind1=" " ind2=" " tag="035"><subfield code="a">(RERO)R004761279-41slsp</subfield></datafield><datafield ind1=" " ind2=" " tag="035"><subfield code="a">(EXLNZ-41SLSP_NETWORK)991057939799705501</subfield></datafield><datafield ind1=" " ind2=" " tag="040"><subfield code="a">RERO geussa</subfield><subfield code="d">CH-ZuSLS</subfield></datafield><datafield ind1=" " ind2=" " tag="044"><subfield code="a">sz</subfield><subfield code="c">ch-ge</subfield></datafield><datafield ind1=" " ind2="7" tag="072"><subfield code="a">ar</subfield><subfield code="2">rero</subfield></datafield><datafield ind1="1" ind2=" " tag="100"><subfield code="a">Oppliger, Julien</subfield><subfield code="d">19..</subfield><subfield code="0">(IDREF)168645963</subfield><subfield code="4">cre</subfield></datafield><datafield ind1="1" ind2="0" tag="245"><subfield code="a">&lt;&lt;Les&gt;&gt; micromammifères (Chiroptera, Insectivora et Rodentia) comme indicateurs de l'environnement au Tardiglaciaire et à l'Holocène</subfield><subfield code="b">le cas du Moulin du Roc</subfield><subfield code="c">Julien Oppliger</subfield></datafield><datafield ind1=" " ind2="1" tag="264"><subfield code="a">Genève</subfield><subfield code="b">[éditeur non identifié]</subfield><subfield code="c">2008</subfield></datafield><datafield ind1=" " ind2=" " tag="300"><subfield code="a">130 f.</subfield><subfield code="b">ill.</subfield></datafield><datafield ind1=" " ind2=" " tag="336"><subfield code="b">txt</subfield><subfield code="2">rdacontent</subfield></datafield><datafield ind1=" " ind2=" " tag="337"><subfield code="b">n</subfield><subfield code="2">rdamedia</subfield></datafield><datafield ind1=" " ind2=" " tag="338"><subfield code="b">nc</subfield><subfield code="2">rdacarrier</subfield></datafield><datafield ind1=" " ind2=" " tag="502"><subfield code="a">Trav. de maîtrise universitaire en archéologie préhistorique de la Fac. des sciences, Genève</subfield></datafield><datafield ind1=" " ind2=" " tag="508"><subfield code="a">Co-direction: Prof. Marie Besse, Dr. Jacqueline Studer</subfield></datafield><datafield ind1=" " ind2="7" tag="650"><subfield code="a">micromammifère</subfield><subfield code="0">(RERO)A010117119</subfield><subfield code="2">rerovoc</subfield></datafield><datafield ind1=" " ind2="7" tag="650"><subfield code="a">Paléoécologie</subfield><subfield code="0">(IDREF)027271072</subfield><subfield code="2">idref</subfield></datafield><datafield ind1=" " ind2="7" tag="650"><subfield code="a">Holocène</subfield><subfield code="0">(IDREF)027571254</subfield><subfield code="2">idref</subfield></datafield><datafield ind1=" " ind2="7" tag="650"><subfield code="a">Würm (glaciation)</subfield><subfield code="0">(IDREF)02741034X</subfield><subfield code="2">idref</subfield></datafield><datafield ind1=" " ind2="7" tag="651"><subfield code="a">Dordogne (France)</subfield><subfield code="0">(IDREF)027260925</subfield><subfield code="2">idref</subfield></datafield><datafield ind1=" " ind2=" " tag="900"><subfield code="a">REROnoselfmerge</subfield></datafield></record>
</metadata></record>