<record><header><identifier>oai:alma.41SLSP_UGE:991000040169705502</identifier><datestamp>2023-05-03T00:40:47Z</datestamp><setSpec>uge_bcen_RapidILL_BOOK</setSpec><setSpec>uge_aaca_RapidILL_BOOK</setSpec><setSpec>uge_abels_RapidILL_BOOK</setSpec><setSpec>uge_dbu_RapidILL_BOOK</setSpec><setSpec>uge_cmu_RapidILL_BOOK</setSpec><setSpec>uge_mail_RapidILL_BOOK</setSpec><setSpec>uge_abbat_RapidILL_BOOK</setSpec><setSpec>UNIGE_ALL</setSpec><setSpec>uge_aobs_RapidILL_BOOK</setSpec><setSpec>uge_acar_RapidILL_BOOK</setSpec></header><metadata>
<record xmlns="http://www.loc.gov/MARC21/slim" xmlns:xsi="http://www.w3.org/2001/XMLSchema-instance" xsi:schemaLocation="http://www.loc.gov/MARC21/slim http://www.loc.gov/standards/marcxml/schema/MARC21slim.xsd"><leader>01696nam a2200385 c 4500</leader><controlfield tag="001">991000040169705502</controlfield><controlfield tag="005">20230502192124.0</controlfield><controlfield tag="008">201011s2012    fr ||||| |||| 00| ||fre d</controlfield><datafield ind1=" " ind2=" " tag="020"><subfield code="a">9782757701942</subfield><subfield code="c">€ 35.-</subfield></datafield><datafield ind1=" " ind2=" " tag="035"><subfield code="a">(swissbib)225500574-41slsp_network</subfield></datafield><datafield ind1=" " ind2=" " tag="035"><subfield code="a">225500574</subfield><subfield code="9">ExL</subfield></datafield><datafield ind1=" " ind2=" " tag="035"><subfield code="a">(RERO)R007074148-41slsp</subfield></datafield><datafield ind1=" " ind2=" " tag="035"><subfield code="a">(NEBIS)010341124EBI01</subfield></datafield><datafield ind1=" " ind2=" " tag="035"><subfield code="a">(EXLNZ-41SLSP_NETWORK)991001461789705501</subfield></datafield><datafield ind1=" " ind2=" " tag="040"><subfield code="a">RERO geulha</subfield><subfield code="d">CH-ZuSLS</subfield></datafield><datafield ind1=" " ind2="7" tag="072"><subfield code="a">at</subfield><subfield code="2">rero</subfield></datafield><datafield ind1="1" ind2=" " tag="100"><subfield code="a">Togni, Bruno</subfield><subfield code="0">(IDREF)148057985</subfield><subfield code="4">cre</subfield></datafield><datafield ind1="1" ind2="0" tag="245"><subfield code="a">Planchers et parquets du XVIe au XIXe siècle</subfield><subfield code="c">Bruno Togni ; avec la collab. de Christel Guillot ... [et al.]</subfield></datafield><datafield ind1=" " ind2="1" tag="264"><subfield code="a">Paris</subfield><subfield code="b">Ed. du Patrimoine</subfield><subfield code="c">2012</subfield></datafield><datafield ind1=" " ind2=" " tag="300"><subfield code="a">277 p.</subfield><subfield code="b">ill. en noir et en coul.</subfield><subfield code="c">23 × 32 cm</subfield></datafield><datafield ind1=" " ind2=" " tag="336"><subfield code="b">txt</subfield><subfield code="2">rdacontent</subfield></datafield><datafield ind1=" " ind2=" " tag="337"><subfield code="b">n</subfield><subfield code="2">rdamedia</subfield></datafield><datafield ind1=" " ind2=" " tag="338"><subfield code="b">nc</subfield><subfield code="2">rdacarrier</subfield></datafield><datafield ind1="1" ind2=" " tag="490"><subfield code="a">Albums du Centre de recherches sur les monuments historiques</subfield><subfield code="v">[66]</subfield></datafield><datafield ind1=" " ind2=" " tag="500"><subfield code="a">Ne concerne que la France</subfield></datafield><datafield ind1=" " ind2="7" tag="650"><subfield code="a">Parquets</subfield><subfield code="0">(IDREF)027584704</subfield><subfield code="2">idref</subfield></datafield><datafield ind1=" " ind2="7" tag="650"><subfield code="a">Planchers en bois</subfield><subfield code="0">(IDREF)028938771</subfield><subfield code="2">idref</subfield></datafield><datafield ind1=" " ind2="7" tag="650"><subfield code="a">Travail du bois</subfield><subfield code="0">(IDREF)027229475</subfield><subfield code="2">idref</subfield></datafield><datafield ind1=" " ind2="7" tag="650"><subfield code="a">16e siècle-19e siècle</subfield><subfield code="2">idref</subfield></datafield><datafield ind1=" " ind2="7" tag="650"><subfield code="a">Architecture française</subfield><subfield code="0">(IDREF)028220668</subfield><subfield code="2">idref</subfield></datafield><datafield ind1=" " ind2="7" tag="650"><subfield code="a">PLANCHERS + PLAFONDS (ÉLÉMENTS DES BÂTIMENTS)</subfield><subfield code="9">fre</subfield><subfield code="0">(ETHUDK)000035107</subfield><subfield code="2">ethudk</subfield></datafield><datafield ind1=" " ind2="7" tag="650"><subfield code="a">REVÊTEMENTS EN BOIS + PARQUETS (ÉLÉMENTS DES BÂTIMENTS)</subfield><subfield code="9">fre</subfield><subfield code="0">(ETHUDK)000035111</subfield><subfield code="2">ethudk</subfield></datafield><datafield ind1=" " ind2="7" tag="655"><subfield code="a">Dessins et plans</subfield><subfield code="0">(IDREF)02779041X</subfield><subfield code="2">idref</subfield></datafield><datafield ind1="1" ind2=" " tag="700"><subfield code="a">Guillot, Christel</subfield><subfield code="0">(IDREF)134576896</subfield></datafield><datafield ind1=" " ind2="0" tag="830"><subfield code="a">Albums du Centre de recherches sur les monuments historiques</subfield><subfield code="v">66</subfield><subfield code="w">(RERO)R008560483-41slsp</subfield></datafield><datafield ind1=" " ind2=" " tag="900"><subfield code="a">REROnoselfmerge</subfield></datafield><datafield ind1=" " ind2=" " tag="993"><subfield code="a">BFLA 236554</subfield><subfield code="x">ge/ulha/a/12/0810</subfield><subfield code="9">LOCAL</subfield></datafield></record>
</metadata></record>