<record><header><identifier>oai:alma.41SLSP_UGE:991000040479705502</identifier><datestamp>2024-11-16T01:13:45Z</datestamp><setSpec>uge_bcen_RapidILL_BOOK</setSpec><setSpec>uge_aaca_RapidILL_BOOK</setSpec><setSpec>uge_abels_RapidILL_BOOK</setSpec><setSpec>uge_dbu_RapidILL_BOOK</setSpec><setSpec>uge_cmu_RapidILL_BOOK</setSpec><setSpec>uge_mail_RapidILL_BOOK</setSpec><setSpec>uge_abbat_RapidILL_BOOK</setSpec><setSpec>UNIGE_ALL</setSpec><setSpec>uge_aobs_RapidILL_BOOK</setSpec><setSpec>uge_acar_RapidILL_BOOK</setSpec></header><metadata>
<record xmlns="http://www.loc.gov/MARC21/slim" xmlns:xsi="http://www.w3.org/2001/XMLSchema-instance" xsi:schemaLocation="http://www.loc.gov/MARC21/slim http://www.loc.gov/standards/marcxml/schema/MARC21slim.xsd"><leader>01695nam a2200457 c 4500</leader><controlfield tag="001">991000040479705502</controlfield><controlfield tag="005">20241115133103.0</controlfield><controlfield tag="008">201011s1999    it ||||| |||| 00| ||ita d</controlfield><datafield ind1=" " ind2=" " tag="019"><subfield code="a">Dédoublonage automatique; notice absorbée: VTLSs-0034-17860-ASP</subfield></datafield><datafield ind1=" " ind2=" " tag="020"><subfield code="a">8807102579</subfield></datafield><datafield ind1="7" ind2=" " tag="024"><subfield code="a">http://catalogue.bnf.fr/ark:/12148/cb37112272m</subfield><subfield code="2">uri</subfield></datafield><datafield ind1=" " ind2=" " tag="035"><subfield code="a">(swissbib)226632091-41slsp_network</subfield></datafield><datafield ind1=" " ind2=" " tag="035"><subfield code="a">226632091</subfield><subfield code="9">ExL</subfield></datafield><datafield ind1=" " ind2=" " tag="035"><subfield code="a">(RERO)R248945860-41slsp</subfield></datafield><datafield ind1=" " ind2=" " tag="035"><subfield code="a">(SBT)000124440SBT01</subfield></datafield><datafield ind1=" " ind2=" " tag="035"><subfield code="a">(NEBIS)005485080EBI01</subfield></datafield><datafield ind1=" " ind2=" " tag="035"><subfield code="a">(EXLNZ-41SLSP_NETWORK)991001340399705501</subfield></datafield><datafield ind1=" " ind2=" " tag="040"><subfield code="a">RERO tibcme</subfield><subfield code="d">CH-ZuSLS</subfield></datafield><datafield ind1=" " ind2="7" tag="072"><subfield code="a">ph</subfield><subfield code="2">rero</subfield></datafield><datafield ind1="1" ind2=" " tag="100"><subfield code="a">Galimberti, Umberto</subfield><subfield code="d">1942-....</subfield><subfield code="0">(IDREF)029073022</subfield><subfield code="4">cre</subfield></datafield><datafield ind1="1" ind2="0" tag="245"><subfield code="a">Psiche e techne</subfield><subfield code="b">l'uomo nell'età della tecnica</subfield><subfield code="c">Umberto Galimberti</subfield></datafield><datafield ind1=" " ind2="1" tag="264"><subfield code="a">Milano</subfield><subfield code="b">Feltrinelli</subfield><subfield code="c">1999</subfield></datafield><datafield ind1=" " ind2=" " tag="300"><subfield code="a">812 pagine</subfield><subfield code="c">23 cm</subfield></datafield><datafield ind1=" " ind2=" " tag="336"><subfield code="b">txt</subfield><subfield code="2">rdacontent</subfield></datafield><datafield ind1=" " ind2=" " tag="337"><subfield code="b">n</subfield><subfield code="2">rdamedia</subfield></datafield><datafield ind1=" " ind2=" " tag="338"><subfield code="b">nc</subfield><subfield code="2">rdacarrier</subfield></datafield><datafield ind1="1" ind2=" " tag="490"><subfield code="a">Campi del sapere. Filosofia</subfield></datafield><datafield ind1=" " ind2=" " tag="504"><subfield code="a">Bibliografia: paginazione 717-737</subfield></datafield><datafield ind1=" " ind2="7" tag="650"><subfield code="a">Technique</subfield><subfield code="0">(IDREF)027253562</subfield><subfield code="2">idref</subfield></datafield><datafield ind1=" " ind2="7" tag="650"><subfield code="a">origines</subfield><subfield code="0">(RERO)A009950802</subfield><subfield code="2">rerovoc</subfield></datafield><datafield ind1=" " ind2="7" tag="650"><subfield code="a">50000 av. J.-C.-20e siècle</subfield><subfield code="0">(RERO)A026984177</subfield><subfield code="2">rero</subfield></datafield><datafield ind1=" " ind2="7" tag="650"><subfield code="a">Homme</subfield><subfield code="0">(IDREF)027271013</subfield><subfield code="2">idref</subfield></datafield><datafield ind1=" " ind2="7" tag="650"><subfield code="a">PHILOSOPHICAL ANTHROPOLOGY</subfield><subfield code="9">eng</subfield><subfield code="0">(ETHUDK)000009478</subfield><subfield code="2">ethudk</subfield></datafield><datafield ind1=" " ind2="7" tag="650"><subfield code="a">PHILOSOPHY OF TECHNOLOGY</subfield><subfield code="9">eng</subfield><subfield code="0">(ETHUDK)000009427</subfield><subfield code="2">ethudk</subfield></datafield><datafield ind1=" " ind2="7" tag="650"><subfield code="a">Progresso tecnico</subfield><subfield code="x">aspetti culturali</subfield><subfield code="2">sbt12</subfield></datafield><datafield ind1=" " ind2="7" tag="650"><subfield code="a">Uomo</subfield><subfield code="x">evoluzione</subfield><subfield code="2">sbt12</subfield></datafield><datafield ind1=" " ind2=" " tag="690"><subfield code="a">Technik</subfield><subfield code="2">uzb-UH</subfield></datafield><datafield ind1=" " ind2=" " tag="690"><subfield code="a">Anthropologie</subfield><subfield code="2">uzb-UH</subfield></datafield><datafield ind1=" " ind2="0" tag="830"><subfield code="a">Campi del sapere</subfield><subfield code="w">(SBT)000003312SBT01</subfield></datafield><datafield ind1=" " ind2="0" tag="830"><subfield code="a">Campi del sapere</subfield><subfield code="w">(RERO)0506931-41slsp</subfield></datafield><datafield ind1=" " ind2=" " tag="900"><subfield code="a">REROnoselfmerge</subfield></datafield><datafield ind1=" " ind2=" " tag="900"><subfield code="a">IDST9limend</subfield></datafield><datafield ind1=" " ind2=" " tag="993"><subfield code="a">BFLA 161348</subfield><subfield code="x">ge/ulit/d/03/146</subfield><subfield code="9">LOCAL</subfield></datafield></record>
</metadata></record>