<record><header><identifier>oai:alma.41SLSP_UGE:991000040579705502</identifier><datestamp>2023-03-01T01:09:22Z</datestamp><setSpec>uge_bcen_RapidILL_BOOK</setSpec><setSpec>uge_aaca_RapidILL_BOOK</setSpec><setSpec>uge_abels_RapidILL_BOOK</setSpec><setSpec>uge_dbu_RapidILL_BOOK</setSpec><setSpec>uge_cmu_RapidILL_BOOK</setSpec><setSpec>uge_mail_RapidILL_BOOK</setSpec><setSpec>UNIGE_ALL</setSpec><setSpec>uge_abbat_RapidILL_BOOK</setSpec><setSpec>uge_aobs_RapidILL_BOOK</setSpec><setSpec>uge_acar_RapidILL_BOOK</setSpec></header><metadata>
<record xmlns="http://www.loc.gov/MARC21/slim" xmlns:xsi="http://www.w3.org/2001/XMLSchema-instance" xsi:schemaLocation="http://www.loc.gov/MARC21/slim http://www.loc.gov/standards/marcxml/schema/MARC21slim.xsd"><leader>00835nam a2200253 c 4500</leader><controlfield tag="001">991000040579705502</controlfield><controlfield tag="005">20201227135726.0</controlfield><controlfield tag="008">010128m19131914gw ||||| |||| 00| ||ger d</controlfield><datafield ind1="7" ind2=" " tag="024"><subfield code="a">http://catalogue.bnf.fr/ark:/12148/cb435198517</subfield><subfield code="2">uri</subfield></datafield><datafield ind1=" " ind2=" " tag="035"><subfield code="a">(swissbib)092098428-41slsp_network</subfield></datafield><datafield ind1=" " ind2=" " tag="035"><subfield code="a">092098428</subfield><subfield code="9">ExL</subfield></datafield><datafield ind1=" " ind2=" " tag="035"><subfield code="a">(RERO)2073055-41slsp</subfield></datafield><datafield ind1=" " ind2=" " tag="035"><subfield code="a">(EXLNZ-41SLSP_NETWORK)991027083009705501</subfield></datafield><datafield ind1=" " ind2=" " tag="040"><subfield code="a">RERO geubib</subfield><subfield code="d">CH-ZuSLS</subfield></datafield><datafield ind1="0" ind2=" " tag="041"><subfield code="a">ger</subfield><subfield code="a">lat</subfield></datafield><datafield ind1=" " ind2="7" tag="072"><subfield code="a">th</subfield><subfield code="2">rero</subfield></datafield><datafield ind1="1" ind2=" " tag="100"><subfield code="a">Luther, Martin</subfield><subfield code="d">1483-1546</subfield><subfield code="0">(IDREF)026998416</subfield><subfield code="4">cre</subfield></datafield><datafield ind1="1" ind2="0" tag="245"><subfield code="a">D. Martin Luthers Werke</subfield><subfield code="p">[Werke].</subfield><subfield code="n">Bd. 31</subfield></datafield><datafield ind1=" " ind2="1" tag="264"><subfield code="a">Weimar</subfield><subfield code="b">H. Böhlau</subfield><subfield code="c">1913-1914</subfield></datafield><datafield ind1=" " ind2=" " tag="300"><subfield code="a">2 vol. (IV, 588; XIII, 771 p.)</subfield><subfield code="c">29 cm</subfield></datafield><datafield ind1=" " ind2=" " tag="336"><subfield code="b">txt</subfield><subfield code="2">rdacontent</subfield></datafield><datafield ind1=" " ind2=" " tag="337"><subfield code="b">n</subfield><subfield code="2">rdamedia</subfield></datafield><datafield ind1=" " ind2=" " tag="338"><subfield code="b">nc</subfield><subfield code="2">rdacarrier</subfield></datafield><datafield ind1="1" ind2=" " tag="800"><subfield code="a">Luther, Martin</subfield><subfield code="d">1483-1546</subfield><subfield code="t">Werke</subfield><subfield code="v">31</subfield><subfield code="w">(RERO)2072758-41slsp</subfield></datafield><datafield ind1=" " ind2=" " tag="900"><subfield code="a">REROnoselfmerge</subfield></datafield></record>
</metadata></record>