<record><header><identifier>oai:alma.41SLSP_UGE:991000040889705502</identifier><datestamp>2023-03-27T00:16:31Z</datestamp><setSpec>uge_bcen_RapidILL_BOOK</setSpec><setSpec>uge_aaca_RapidILL_BOOK</setSpec><setSpec>uge_abels_RapidILL_BOOK</setSpec><setSpec>uge_dbu_RapidILL_BOOK</setSpec><setSpec>uge_cmu_RapidILL_BOOK</setSpec><setSpec>uge_mail_RapidILL_BOOK</setSpec><setSpec>uge_abbat_RapidILL_BOOK</setSpec><setSpec>UNIGE_ALL</setSpec><setSpec>uge_acar_RapidILL_BOOK</setSpec><setSpec>uge_aobs_RapidILL_BOOK</setSpec></header><metadata>
<record xmlns="http://www.loc.gov/MARC21/slim" xmlns:xsi="http://www.w3.org/2001/XMLSchema-instance" xsi:schemaLocation="http://www.loc.gov/MARC21/slim http://www.loc.gov/standards/marcxml/schema/MARC21slim.xsd"><leader>02055nam a2200421 c 4500</leader><controlfield tag="001">991000040889705502</controlfield><controlfield tag="005">20230325210309.0</controlfield><controlfield tag="008">201012t19901990xxu||||| |||| 00| ||eng d</controlfield><datafield ind1=" " ind2=" " tag="010"><subfield code="a">89014721</subfield></datafield><datafield ind1=" " ind2=" " tag="020"><subfield code="a">0471618381</subfield></datafield><datafield ind1="7" ind2=" " tag="024"><subfield code="a">http://catalogue.bnf.fr/ark:/12148/cb37377200j</subfield><subfield code="2">uri</subfield></datafield><datafield ind1=" " ind2=" " tag="035"><subfield code="a">(swissbib)238963276-41slsp_network</subfield></datafield><datafield ind1=" " ind2=" " tag="035"><subfield code="a">238963276</subfield><subfield code="9">ExL</subfield></datafield><datafield ind1=" " ind2=" " tag="035"><subfield code="a">(RERO)R276871260-41slsp</subfield></datafield><datafield ind1=" " ind2=" " tag="035"><subfield code="a">(NEBIS)000557993EBI01</subfield></datafield><datafield ind1=" " ind2=" " tag="035"><subfield code="a">(EXLNZ-41SLSP_NETWORK)991085007709705501</subfield></datafield><datafield ind1=" " ind2=" " tag="040"><subfield code="a">RERO geuses</subfield><subfield code="d">CH-ZuSLS</subfield></datafield><datafield ind1=" " ind2="7" tag="072"><subfield code="a">ur</subfield><subfield code="2">rero</subfield></datafield><datafield ind1="0" ind2="0" tag="245"><subfield code="a">Climate change and U.S. water resources</subfield><subfield code="c">ed. by Paul E. Waggoner</subfield></datafield><datafield ind1=" " ind2="1" tag="264"><subfield code="a">New York [etc]</subfield><subfield code="b">J. Wiley</subfield><subfield code="c">[1990]</subfield></datafield><datafield ind1=" " ind2="4" tag="264"><subfield code="c">© 1990</subfield></datafield><datafield ind1=" " ind2=" " tag="300"><subfield code="a">XIII, 496 p.</subfield><subfield code="b">ill.</subfield><subfield code="c">24 cm</subfield></datafield><datafield ind1=" " ind2=" " tag="336"><subfield code="b">txt</subfield><subfield code="2">rdacontent</subfield></datafield><datafield ind1=" " ind2=" " tag="337"><subfield code="b">n</subfield><subfield code="2">rdamedia</subfield></datafield><datafield ind1=" " ind2=" " tag="338"><subfield code="b">nc</subfield><subfield code="2">rdacarrier</subfield></datafield><datafield ind1="1" ind2=" " tag="490"><subfield code="a">Wiley series in climate and the biosphere</subfield></datafield><datafield ind1=" " ind2=" " tag="500"><subfield code="a">Report of the American Association for the Advancement of Science Panel on Climatic Variability, Climate Change and the Planning and Management of U.S. Water Resources</subfield></datafield><datafield ind1=" " ind2=" " tag="500"><subfield code="a">&quot;A Wiley-Interscience publication&quot;</subfield></datafield><datafield ind1=" " ind2="7" tag="650"><subfield code="a">Ressources en eau</subfield><subfield code="0">(IDREF)027795888</subfield><subfield code="2">idref</subfield></datafield><datafield ind1=" " ind2="7" tag="650"><subfield code="a">Changements climatiques</subfield><subfield code="0">(IDREF)027568490</subfield><subfield code="2">idref</subfield></datafield><datafield ind1=" " ind2="7" tag="650"><subfield code="a">HYDROSPHÄRE + HYDROLOGIE + WASSER</subfield><subfield code="9">ger</subfield><subfield code="0">(ETHUDK)000020792</subfield><subfield code="2">ethudk</subfield></datafield><datafield ind1=" " ind2="7" tag="650"><subfield code="a">KLIMASCHWANKUNGEN (KLIMATOLOGIE)</subfield><subfield code="9">ger</subfield><subfield code="0">(ETHUDK)000020416</subfield><subfield code="2">ethudk</subfield></datafield><datafield ind1=" " ind2="7" tag="650"><subfield code="a">VEREINIGTE STAATEN VON AMERIKA, USA (NORDAMERIKA)</subfield><subfield code="9">ger</subfield><subfield code="0">(ETHUDK)000007826</subfield><subfield code="2">ethudk</subfield></datafield><datafield ind1=" " ind2="7" tag="651"><subfield code="a">États-Unis</subfield><subfield code="0">(IDREF)027225488</subfield><subfield code="2">idref</subfield></datafield><datafield ind1="1" ind2=" " tag="700"><subfield code="a">Waggoner, Paul E.</subfield><subfield code="0">(IDREF)085871524</subfield></datafield><datafield ind1="2" ind2=" " tag="710"><subfield code="a">American Association for the Advancement of Science</subfield><subfield code="b">Panel on Climatic Variability, Climate Change and the Planning and Management of US Water Resources</subfield><subfield code="0">(DE-588)5028946-9</subfield></datafield><datafield ind1="2" ind2=" " tag="710"><subfield code="a">American Association for the Advancement of Science Panel on Climatic Variability, Climate Change and the Planning and Management of U.S. Water Resources</subfield><subfield code="0">(RERO)A006230507</subfield></datafield><datafield ind1=" " ind2=" " tag="830"><subfield code="a">Wiley series in climate and the biosphere</subfield><subfield code="w">(RERO)0883275-41slsp</subfield></datafield><datafield ind1=" " ind2=" " tag="900"><subfield code="a">REROnoselfmerge</subfield></datafield></record>
</metadata></record>