<record><header><identifier>oai:alma.41SLSP_UGE:991000040999705502</identifier><datestamp>2023-06-30T00:19:02Z</datestamp><setSpec>uge_bcen_RapidILL_BOOK</setSpec><setSpec>uge_aaca_RapidILL_BOOK</setSpec><setSpec>uge_abels_RapidILL_BOOK</setSpec><setSpec>uge_dbu_RapidILL_BOOK</setSpec><setSpec>uge_cmu_RapidILL_BOOK</setSpec><setSpec>uge_mail_RapidILL_BOOK</setSpec><setSpec>uge_abbat_RapidILL_BOOK</setSpec><setSpec>UNIGE_ALL</setSpec><setSpec>uge_acar_RapidILL_BOOK</setSpec><setSpec>uge_aobs_RapidILL_BOOK</setSpec></header><metadata>
<record xmlns="http://www.loc.gov/MARC21/slim" xmlns:xsi="http://www.w3.org/2001/XMLSchema-instance" xsi:schemaLocation="http://www.loc.gov/MARC21/slim http://www.loc.gov/standards/marcxml/schema/MARC21slim.xsd"><leader>02190nam a2200493 c 4500</leader><controlfield tag="001">991000040999705502</controlfield><controlfield tag="005">20230629190408.0</controlfield><controlfield tag="008">901205s1990    sz ||||| |||| 00| ||ger d</controlfield><datafield ind1=" " ind2=" " tag="035"><subfield code="a">(swissbib)085167630-41slsp_network</subfield></datafield><datafield ind1=" " ind2=" " tag="035"><subfield code="a">085167630</subfield><subfield code="9">ExL</subfield></datafield><datafield ind1=" " ind2=" " tag="035"><subfield code="a">(RERO)1317993-41slsp</subfield></datafield><datafield ind1=" " ind2=" " tag="035"><subfield code="a">(EXLNZ-41SLSP_NETWORK)991072837849705501</subfield></datafield><datafield ind1=" " ind2=" " tag="040"><subfield code="a">RERO neubfd</subfield><subfield code="d">CH-ZuSLS</subfield></datafield><datafield ind1="0" ind2=" " tag="041"><subfield code="a">ger</subfield><subfield code="a">fre</subfield><subfield code="a">ita</subfield></datafield><datafield ind1=" " ind2="7" tag="072"><subfield code="a">dr</subfield><subfield code="2">rero</subfield></datafield><datafield ind1="7" ind2="4" tag="082"><subfield code="a">340</subfield><subfield code="2">23sdnb</subfield></datafield><datafield ind1=" " ind2=" " tag="084"><subfield code="a">A 1.1 a</subfield><subfield code="2">cjurrom</subfield></datafield><datafield ind1=" " ind2=" " tag="084"><subfield code="a">CA/CE 57.2 a</subfield><subfield code="2">cjurrom</subfield></datafield><datafield ind1="1" ind2=" " tag="100"><subfield code="a">Christie, Pierre</subfield><subfield code="d">1...-....</subfield><subfield code="0">(IDREF)256790523</subfield><subfield code="4">aut</subfield></datafield><datafield ind1="1" ind2="0" tag="245"><subfield code="a">Dictionnaire de la prévoyance professionnelle suisse</subfield><subfield code="b">français, allemand, italien = Wörterbuch der schweizerischen beruflichen Vorsorge : deutsch, französisch, italienisch = Dizionario della previdenza professionale svizzera : italiano, francese, tedesco</subfield><subfield code="c">[Pierre Christe]</subfield></datafield><datafield ind1="1" ind2=" " tag="246"><subfield code="a">Wörterbuch der schweizerischen beruflichen Vorsorge</subfield></datafield><datafield ind1="1" ind2=" " tag="246"><subfield code="a">Dizionario della previdenza professionale svizzera</subfield></datafield><datafield ind1="1" ind2=" " tag="246"><subfield code="a">Petit dictionnaire LPP</subfield></datafield><datafield ind1="1" ind2=" " tag="246"><subfield code="a">BVG-Wörterbuch</subfield></datafield><datafield ind1="1" ind2=" " tag="246"><subfield code="a">Dizionario LPP</subfield></datafield><datafield ind1=" " ind2=" " tag="250"><subfield code="a">3e éd</subfield></datafield><datafield ind1=" " ind2="1" tag="264"><subfield code="a">Bâle</subfield><subfield code="b">Société fiduciaire suisse</subfield><subfield code="c">[1990]</subfield></datafield><datafield ind1=" " ind2="4" tag="264"><subfield code="c">© 1990</subfield></datafield><datafield ind1=" " ind2=" " tag="300"><subfield code="a">185 pages</subfield><subfield code="c">21 cm</subfield></datafield><datafield ind1=" " ind2=" " tag="336"><subfield code="b">txt</subfield><subfield code="2">rdacontent</subfield></datafield><datafield ind1=" " ind2=" " tag="337"><subfield code="b">n</subfield><subfield code="2">rdamedia</subfield></datafield><datafield ind1=" " ind2=" " tag="338"><subfield code="b">nc</subfield><subfield code="2">rdacarrier</subfield></datafield><datafield ind1=" " ind2=" " tag="500"><subfield code="a">La 2e éd. porte le titre: Petit dictionnaire LPP : français, allemand, anglais</subfield></datafield><datafield ind1=" " ind2=" " tag="500"><subfield code="a">Titre de dos: Dizionario LPP</subfield></datafield><datafield ind1=" " ind2="7" tag="650"><subfield code="a">berufliche Vorsorge</subfield><subfield code="9">ger</subfield><subfield code="0">(RERO)jurivoc000003305ger</subfield><subfield code="2">jurivoc</subfield></datafield><datafield ind1=" " ind2="7" tag="650"><subfield code="a">Deutsch</subfield><subfield code="9">ger</subfield><subfield code="0">(RERO)jurivoc000005502ger</subfield><subfield code="2">jurivoc</subfield></datafield><datafield ind1=" " ind2="7" tag="650"><subfield code="a">Französisch</subfield><subfield code="9">ger</subfield><subfield code="0">(RERO)jurivoc000008686ger</subfield><subfield code="2">jurivoc</subfield></datafield><datafield ind1=" " ind2="7" tag="650"><subfield code="a">Italienisch</subfield><subfield code="9">ger</subfield><subfield code="0">(RERO)jurivoc000012135ger</subfield><subfield code="2">jurivoc</subfield></datafield><datafield ind1=" " ind2="7" tag="650"><subfield code="a">prévoyance professionnelle</subfield><subfield code="0">(RERO)A009956257</subfield><subfield code="2">rerovoc</subfield></datafield><datafield ind1=" " ind2="7" tag="651"><subfield code="a">Suisse</subfield><subfield code="0">(IDREF)027249654</subfield><subfield code="2">idref</subfield></datafield><datafield ind1=" " ind2="7" tag="655"><subfield code="a">Wörterbuch</subfield><subfield code="9">ger</subfield><subfield code="2">jurivoc</subfield><subfield code="0">(RERO)jurivoc000026860ger</subfield></datafield><datafield ind1=" " ind2="7" tag="655"><subfield code="a">Dictionnaires multilingues</subfield><subfield code="0">(IDREF)027784932</subfield><subfield code="2">idref</subfield></datafield><datafield ind1="1" ind2="2" tag="700"><subfield code="a">Christe, Pierre</subfield><subfield code="t">Wörterbuch der schweizerischen beruflichen Vorsorge</subfield></datafield><datafield ind1="1" ind2="2" tag="700"><subfield code="a">Christe, Pierre</subfield><subfield code="t">Dizionario della previdenza professionale svizzera</subfield></datafield><datafield ind1="2" ind2=" " tag="710"><subfield code="a">Société fiduciaire suisse</subfield><subfield code="0">(RERO)A000152637</subfield></datafield></record>
</metadata></record>