<record><header><identifier>oai:alma.41SLSP_UGE:991000040059705502</identifier><datestamp>2023-03-28T00:16:29Z</datestamp><setSpec>uge_bcen_RapidILL_BOOK</setSpec><setSpec>uge_aaca_RapidILL_BOOK</setSpec><setSpec>uge_abels_RapidILL_BOOK</setSpec><setSpec>uge_dbu_RapidILL_BOOK</setSpec><setSpec>uge_cmu_RapidILL_BOOK</setSpec><setSpec>uge_mail_RapidILL_BOOK</setSpec><setSpec>uge_abbat_RapidILL_BOOK</setSpec><setSpec>UNIGE_ALL</setSpec><setSpec>uge_aobs_RapidILL_BOOK</setSpec><setSpec>uge_acar_RapidILL_BOOK</setSpec></header><metadata>
<record xmlns="http://www.loc.gov/MARC21/slim" xmlns:xsi="http://www.w3.org/2001/XMLSchema-instance" xsi:schemaLocation="http://www.loc.gov/MARC21/slim http://www.loc.gov/standards/marcxml/schema/MARC21slim.xsd"><leader>01441nam a2200337 c 4500</leader><controlfield tag="001">991000040059705502</controlfield><controlfield tag="005">20230327181754.0</controlfield><controlfield tag="008">940905s1894    xxk||||| |||| 00| ||eng d</controlfield><datafield ind1=" " ind2=" " tag="035"><subfield code="a">(swissbib)089116348-41slsp_network</subfield></datafield><datafield ind1=" " ind2=" " tag="035"><subfield code="a">089116348</subfield><subfield code="9">ExL</subfield></datafield><datafield ind1=" " ind2=" " tag="035"><subfield code="a">(RERO)1903929-41slsp</subfield></datafield><datafield ind1=" " ind2=" " tag="035"><subfield code="a">(EXLNZ-41SLSP_NETWORK)991136403829705501</subfield></datafield><datafield ind1=" " ind2=" " tag="040"><subfield code="a">RERO geuhim</subfield><subfield code="d">CH-ZuSLS</subfield></datafield><datafield ind1="0" ind2=" " tag="041"><subfield code="a">eng</subfield><subfield code="a">ita</subfield><subfield code="a">ger</subfield></datafield><datafield ind1=" " ind2="7" tag="072"><subfield code="a">me</subfield><subfield code="2">rero</subfield></datafield><datafield ind1="1" ind2=" " tag="100"><subfield code="a">Marchiafava, Ettore</subfield><subfield code="d">1847-1935</subfield><subfield code="0">(IDREF)156255251</subfield><subfield code="4">cre</subfield></datafield><datafield ind1="1" ind2="0" tag="245"><subfield code="a">Two monographs on malaria and the parasites of malarial fevers</subfield><subfield code="c">Marchiafava and Bignami ; Mannaberg</subfield></datafield><datafield ind1=" " ind2="1" tag="264"><subfield code="a">London</subfield><subfield code="b">The New Sydenham Society</subfield><subfield code="c">1894</subfield></datafield><datafield ind1=" " ind2=" " tag="300"><subfield code="a">XXVI, 428 p.</subfield><subfield code="b">ill.</subfield><subfield code="c">25 cm</subfield></datafield><datafield ind1=" " ind2=" " tag="336"><subfield code="b">txt</subfield><subfield code="2">rdacontent</subfield></datafield><datafield ind1=" " ind2=" " tag="337"><subfield code="b">n</subfield><subfield code="2">rdamedia</subfield></datafield><datafield ind1=" " ind2=" " tag="338"><subfield code="b">nc</subfield><subfield code="2">rdacarrier</subfield></datafield><datafield ind1="1" ind2=" " tag="490"><subfield code="a">The New Sydenham Society</subfield><subfield code="v">vol. 150</subfield></datafield><datafield ind1="0" ind2=" " tag="505"><subfield code="a">On summer-autumn malarial fevers / by E. Marchiafava and A. Bignami ; transl. from the first italian ed. by J. Harry Thomson; The malarial parasites / by Julius Mannaberg ; transl. from the German by R.W. Felkin</subfield></datafield><datafield ind1=" " ind2="7" tag="650"><subfield code="a">Parasitologie</subfield><subfield code="0">(IDREF)027257398</subfield><subfield code="2">idref</subfield></datafield><datafield ind1=" " ind2="7" tag="650"><subfield code="a">Paludisme</subfield><subfield code="0">(IDREF)027353184</subfield><subfield code="2">idref</subfield></datafield><datafield ind1="1" ind2=" " tag="700"><subfield code="a">Mannaberg, Julius</subfield><subfield code="d">1860-1941</subfield><subfield code="0">(IDREF)079999611</subfield></datafield><datafield ind1="1" ind2=" " tag="700"><subfield code="a">Thompson, J. Harry</subfield><subfield code="0">(RERO)A003898283</subfield></datafield><datafield ind1="1" ind2=" " tag="700"><subfield code="a">Felkin, Robert W</subfield><subfield code="0">(RERO)A011605322</subfield></datafield><datafield ind1="1" ind2=" " tag="700"><subfield code="a">Bignami, Amico</subfield><subfield code="d">1862-1929</subfield><subfield code="0">(IDREF)251407934</subfield></datafield><datafield ind1=" " ind2="0" tag="830"><subfield code="a">&lt;&lt;The&gt;&gt; New Sydenham Society</subfield><subfield code="v">150</subfield><subfield code="w">(RERO)1899078-41slsp</subfield></datafield><datafield ind1=" " ind2=" " tag="900"><subfield code="a">REROnoselfmerge</subfield></datafield></record>
</metadata></record>