<record><header><identifier>oai:alma.41SLSP_UGE:991000040389705502</identifier><datestamp>2023-03-01T01:09:23Z</datestamp><setSpec>uge_bcen_RapidILL_BOOK</setSpec><setSpec>uge_aaca_RapidILL_BOOK</setSpec><setSpec>uge_abels_RapidILL_BOOK</setSpec><setSpec>uge_dbu_RapidILL_BOOK</setSpec><setSpec>uge_cmu_RapidILL_BOOK</setSpec><setSpec>uge_mail_RapidILL_BOOK</setSpec><setSpec>UNIGE_ALL</setSpec><setSpec>uge_abbat_RapidILL_BOOK</setSpec><setSpec>uge_aobs_RapidILL_BOOK</setSpec><setSpec>uge_acar_RapidILL_BOOK</setSpec></header><metadata>
<record xmlns="http://www.loc.gov/MARC21/slim" xmlns:xsi="http://www.w3.org/2001/XMLSchema-instance" xsi:schemaLocation="http://www.loc.gov/MARC21/slim http://www.loc.gov/standards/marcxml/schema/MARC21slim.xsd"><leader>00993naa a2200253 c 4500</leader><controlfield tag="001">991000040389705502</controlfield><controlfield tag="005">20201126054119.0</controlfield><controlfield tag="008">080607s2007    xxu||||| |||| 00| ||eng d</controlfield><datafield ind1=" " ind2=" " tag="035"><subfield code="a">(swissbib)106826417-41slsp_network</subfield></datafield><datafield ind1=" " ind2=" " tag="035"><subfield code="a">106826417</subfield><subfield code="9">ExL</subfield></datafield><datafield ind1=" " ind2=" " tag="035"><subfield code="a">(RERO)R004716853-41slsp</subfield></datafield><datafield ind1=" " ind2=" " tag="035"><subfield code="a">(EXLNZ-41SLSP_NETWORK)991112577979705501</subfield></datafield><datafield ind1=" " ind2=" " tag="040"><subfield code="a">RERO geussc</subfield><subfield code="d">CH-ZuSLS</subfield></datafield><datafield ind1=" " ind2="7" tag="072"><subfield code="a">ch</subfield><subfield code="2">rero</subfield></datafield><datafield ind1="0" ind2="0" tag="245"><subfield code="a">Identification of natural products using HPLC-SPE combined with CapNMR</subfield><subfield code="c">Maja Lambert ... [et al.]</subfield></datafield><datafield ind1=" " ind2=" " tag="336"><subfield code="b">txt</subfield><subfield code="2">rdacontent</subfield></datafield><datafield ind1=" " ind2=" " tag="337"><subfield code="b">n</subfield><subfield code="2">rdamedia</subfield></datafield><datafield ind1=" " ind2=" " tag="338"><subfield code="b">nc</subfield><subfield code="2">rdacarrier</subfield></datafield><datafield ind1=" " ind2=" " tag="508"><subfield code="a">Autres auteurs: Jean-Luc Wolfender, Dan Stærk, S. Brøgger Christensen, Kurt Hostettmann et Jerzy W. Jaroszewski</subfield></datafield><datafield ind1=" " ind2=" " tag="580"><subfield code="a">In: Analytical chemistry. - Washington. - Vol. 79(2007), no. 2, p. 727-735</subfield></datafield><datafield ind1="1" ind2=" " tag="700"><subfield code="a">Lambert, Maja</subfield><subfield code="0">(RERO)A014016219</subfield></datafield><datafield ind1="1" ind2=" " tag="700"><subfield code="a">Wolfender, Jean-Luc</subfield><subfield code="0">(RERO)A003983692</subfield></datafield><datafield ind1="1" ind2=" " tag="700"><subfield code="a">Hostettmann, Kurt</subfield><subfield code="d">1944-....</subfield><subfield code="0">(IDREF)032386435</subfield></datafield><datafield ind1="0" ind2=" " tag="773"><subfield code="t">Analytical chemistry</subfield><subfield code="g">2007/0727</subfield><subfield code="g">yr:2007</subfield></datafield><datafield ind1=" " ind2=" " tag="900"><subfield code="a">REROnoselfmerge</subfield></datafield></record>
</metadata></record>