<record><header><identifier>oai:alma.41SLSP_UGE:991000040809705502</identifier><datestamp>2024-09-22T00:07:27Z</datestamp><setSpec>uge_bcen_RapidILL_BOOK</setSpec><setSpec>uge_aaca_RapidILL_BOOK</setSpec><setSpec>uge_abels_RapidILL_BOOK</setSpec><setSpec>uge_dbu_RapidILL_BOOK</setSpec><setSpec>uge_cmu_RapidILL_BOOK</setSpec><setSpec>uge_mail_RapidILL_BOOK</setSpec><setSpec>UNIGE_ALL</setSpec><setSpec>uge_abbat_RapidILL_BOOK</setSpec><setSpec>uge_aobs_RapidILL_BOOK</setSpec><setSpec>uge_acar_RapidILL_BOOK</setSpec></header><metadata>
<record xmlns="http://www.loc.gov/MARC21/slim" xmlns:xsi="http://www.w3.org/2001/XMLSchema-instance" xsi:schemaLocation="http://www.loc.gov/MARC21/slim http://www.loc.gov/standards/marcxml/schema/MARC21slim.xsd"><leader>01589nam a2200421 ca4500</leader><controlfield tag="001">991000040809705502</controlfield><controlfield tag="005">20211207212059.0</controlfield><controlfield tag="008">201012m19161919gw ||||| |||| 00| ||grc d</controlfield><datafield ind1=" " ind2=" " tag="035"><subfield code="a">(swissbib)24141377X-41slsp_network</subfield></datafield><datafield ind1=" " ind2=" " tag="035"><subfield code="a">24141377X</subfield><subfield code="9">ExL</subfield></datafield><datafield ind1=" " ind2=" " tag="035"><subfield code="a">(RERO)0287373-41slsp</subfield></datafield><datafield ind1=" " ind2=" " tag="035"><subfield code="a">(IDSLU)000725233ILU01</subfield></datafield><datafield ind1=" " ind2=" " tag="035"><subfield code="a">(NEBIS)003396887EBI01</subfield></datafield><datafield ind1=" " ind2=" " tag="035"><subfield code="a">(IDSBB)002603431DSV01</subfield></datafield><datafield ind1=" " ind2=" " tag="035"><subfield code="a">(EXLNZ-41SLSP_NETWORK)991116110079705501</subfield></datafield><datafield ind1=" " ind2=" " tag="040"><subfield code="a">RERO</subfield><subfield code="d">CH-ZuSLS</subfield></datafield><datafield ind1=" " ind2="7" tag="072"><subfield code="a">gr</subfield><subfield code="2">rero</subfield></datafield><datafield ind1="1" ind2=" " tag="080"><subfield code="a">875DIOCH7Ora</subfield></datafield><datafield ind1="0" ind2=" " tag="100"><subfield code="a">Dion Chrysostome</subfield><subfield code="d">004.-011.</subfield><subfield code="0">(IDREF)029691575</subfield><subfield code="4">cre</subfield></datafield><datafield ind1="1" ind2="0" tag="240"><subfield code="a">Orationes</subfield></datafield><datafield ind1="1" ind2="0" tag="245"><subfield code="a">Dionis Chrysostomi Orationes</subfield><subfield code="c">post Ludovicum Dindorfium ed. Guy de Budé</subfield></datafield><datafield ind1=" " ind2="1" tag="264"><subfield code="a">Lipsiae</subfield><subfield code="b">B.G. Teubner</subfield><subfield code="c">1916-1919</subfield></datafield><datafield ind1=" " ind2=" " tag="300"><subfield code="a">2 vol.</subfield><subfield code="c">18 cm</subfield></datafield><datafield ind1=" " ind2=" " tag="336"><subfield code="b">txt</subfield><subfield code="2">rdacontent</subfield></datafield><datafield ind1=" " ind2=" " tag="337"><subfield code="b">n</subfield><subfield code="2">rdamedia</subfield></datafield><datafield ind1=" " ind2=" " tag="338"><subfield code="b">nc</subfield><subfield code="2">rdacarrier</subfield></datafield><datafield ind1="1" ind2=" " tag="490"><subfield code="a">Bibliotheca Teubneriana</subfield><subfield code="v">1283-1284</subfield></datafield><datafield ind1="1" ind2=" " tag="490"><subfield code="a">Bibliotheca scriptorum graecorum et romanorum teubneriana</subfield></datafield><datafield ind1=" " ind2=" " tag="500"><subfield code="a">Titre conventionnel: Orationes</subfield></datafield><datafield ind1=" " ind2=" " tag="690"><subfield code="a">Rede / 1900- ersch.</subfield><subfield code="2">uzb-Z9</subfield></datafield><datafield ind1="1" ind2=" " tag="700"><subfield code="a">Dindorf, Ludwig August</subfield><subfield code="d">1805-1871</subfield><subfield code="0">(DE-588)100741193</subfield></datafield><datafield ind1="0" ind2=" " tag="700"><subfield code="a">Dio</subfield><subfield code="c">Chrysostomus</subfield><subfield code="d">40-120</subfield><subfield code="0">(DE-588)11867966X</subfield></datafield><datafield ind1="1" ind2=" " tag="700"><subfield code="a">Budé, Guy &lt;&lt;de&gt;&gt;</subfield><subfield code="d">1884-1958</subfield><subfield code="0">(DE-588)1012619222</subfield><subfield code="6">880-02</subfield></datafield><datafield ind1="1" ind2=" " tag="880"><subfield code="6">700-02</subfield><subfield code="a">Budé, Guy de</subfield><subfield code="d">1884-1958</subfield><subfield code="0">(IDREF)028572769</subfield></datafield><datafield ind1=" " ind2=" " tag="830"><subfield code="a">Bibliotheca scriptorum Graecorum et Romanorum Teubneriana</subfield><subfield code="v">1283-1284</subfield><subfield code="w">(NEBIS)000058796EBI01</subfield></datafield><datafield ind1=" " ind2=" " tag="830"><subfield code="a">Bibliotheca scriptorum graecorum et romanorum teubneriana</subfield><subfield code="w">(RERO)0000217-41slsp</subfield></datafield><datafield ind1=" " ind2=" " tag="900"><subfield code="a">REROnoselfmerge</subfield></datafield><datafield ind1=" " ind2=" " tag="900"><subfield code="a">IDSZRMedeaZBZ</subfield></datafield><datafield ind1=" " ind2=" " tag="900"><subfield code="f">IDSU2medea</subfield></datafield></record>
</metadata></record>