<record><header><identifier>oai:alma.41SLSP_UGE:991000041009705502</identifier><datestamp>2024-09-21T00:23:59Z</datestamp><setSpec>uge_bcen_RapidILL_BOOK</setSpec><setSpec>uge_aaca_RapidILL_BOOK</setSpec><setSpec>uge_abels_RapidILL_BOOK</setSpec><setSpec>uge_dbu_RapidILL_BOOK</setSpec><setSpec>uge_cmu_RapidILL_BOOK</setSpec><setSpec>uge_mail_RapidILL_BOOK</setSpec><setSpec>uge_abbat_RapidILL_BOOK</setSpec><setSpec>UNIGE_ALL</setSpec><setSpec>uge_aobs_RapidILL_BOOK</setSpec><setSpec>uge_acar_RapidILL_BOOK</setSpec></header><metadata>
<record xmlns="http://www.loc.gov/MARC21/slim" xmlns:xsi="http://www.w3.org/2001/XMLSchema-instance" xsi:schemaLocation="http://www.loc.gov/MARC21/slim http://www.loc.gov/standards/marcxml/schema/MARC21slim.xsd"><leader>02086nam a2200457 c 4500</leader><controlfield tag="001">991000041009705502</controlfield><controlfield tag="005">20240920193050.0</controlfield><controlfield tag="008">201011s1975    ne            10| | eng  </controlfield><datafield ind1=" " ind2=" " tag="020"><subfield code="a">0720482992</subfield></datafield><datafield ind1=" " ind2=" " tag="035"><subfield code="a">(swissbib)212950584-41slsp_network</subfield></datafield><datafield ind1=" " ind2=" " tag="035"><subfield code="a">212950584</subfield><subfield code="9">ExL</subfield></datafield><datafield ind1=" " ind2=" " tag="035"><subfield code="a">(IDSBB)003965458DSV01</subfield></datafield><datafield ind1=" " ind2=" " tag="035"><subfield code="a">(RERO)R263469360-41slsp</subfield></datafield><datafield ind1=" " ind2=" " tag="035"><subfield code="a">(NEBIS)000399727EBI01</subfield></datafield><datafield ind1=" " ind2=" " tag="035"><subfield code="a">(EXLNZ-41SLSP_NETWORK)991051297299705501</subfield></datafield><datafield ind1=" " ind2=" " tag="040"><subfield code="a">SzZuIDS BS/BE A200</subfield><subfield code="e">kids</subfield><subfield code="d">CH-ZuSLS</subfield></datafield><datafield ind1=" " ind2="7" tag="072"><subfield code="a">ge</subfield><subfield code="2">SzZuIDS BS/BE</subfield></datafield><datafield ind1=" " ind2="7" tag="072"><subfield code="a">st</subfield><subfield code="2">rero</subfield></datafield><datafield ind1="0" ind2="0" tag="245"><subfield code="a">Progress in geodynamics</subfield><subfield code="b">proceedings of the National Symposium on Geodynamics held in Amsterdam, April 3-4, 1975</subfield><subfield code="c">ed. by Graham J. Borradaille ... [et al.]</subfield></datafield><datafield ind1=" " ind2="1" tag="264"><subfield code="a">Amsterdam</subfield><subfield code="b">North-Holland</subfield><subfield code="c">1975</subfield></datafield><datafield ind1=" " ind2=" " tag="300"><subfield code="a">245 p.</subfield><subfield code="b">fig.</subfield><subfield code="c">24 cm</subfield></datafield><datafield ind1=" " ind2=" " tag="336"><subfield code="b">txt</subfield><subfield code="2">rdacontent</subfield></datafield><datafield ind1=" " ind2=" " tag="337"><subfield code="b">n</subfield><subfield code="2">rdamedia</subfield></datafield><datafield ind1=" " ind2=" " tag="338"><subfield code="b">nc</subfield><subfield code="2">rdacarrier</subfield></datafield><datafield ind1="1" ind2=" " tag="490"><subfield code="a">Scientific report / Geodynamics project</subfield><subfield code="v">No. 13</subfield></datafield><datafield ind1=" " ind2=" " tag="500"><subfield code="a">Am Kopf der Titelseite: Koninklijke Nederlandse Akademie van Wetenschappen</subfield></datafield><datafield ind1=" " ind2="4" tag="650"><subfield code="a">Geodynamik</subfield></datafield><datafield ind1=" " ind2="7" tag="650"><subfield code="a">Géodynamique</subfield><subfield code="0">(IDREF)027389073</subfield><subfield code="2">idref</subfield></datafield><datafield ind1=" " ind2="7" tag="650"><subfield code="a">ENDOGENE UND EXOGENE PROZESSE (GEOLOGIE)</subfield><subfield code="9">ger</subfield><subfield code="0">(ETHUDK)000020003</subfield><subfield code="2">ethudk</subfield></datafield><datafield ind1=" " ind2="7" tag="650"><subfield code="a">ERDBEBEN + SEEBEBEN (GEOPHYSIK)</subfield><subfield code="9">ger</subfield><subfield code="0">(ETHUDK)000057352</subfield><subfield code="2">ethudk</subfield></datafield><datafield ind1=" " ind2="7" tag="650"><subfield code="a">GEOTEKTONIK + TEKTONISCHE STRUKTUREN UND IHRE ELEMENTE (GEOLOGIE)</subfield><subfield code="9">ger</subfield><subfield code="0">(ETHUDK)000020014</subfield><subfield code="2">ethudk</subfield></datafield><datafield ind1=" " ind2="7" tag="650"><subfield code="a">STRUKTURGEOLOGIE</subfield><subfield code="9">ger</subfield><subfield code="0">(ETHUDK)000020021</subfield><subfield code="2">ethudk</subfield></datafield><datafield ind1=" " ind2="7" tag="655"><subfield code="a">Konferenzschrift</subfield><subfield code="z">Amsterdam</subfield><subfield code="y">1975</subfield><subfield code="2">gnd-content</subfield></datafield><datafield ind1=" " ind2="7" tag="655"><subfield code="a">Actes de congrès</subfield><subfield code="0">(IDREF)02886431X</subfield><subfield code="2">idref</subfield></datafield><datafield ind1=" " ind2="7" tag="655"><subfield code="a">Konferenzschrift</subfield><subfield code="z">Amsterdam</subfield><subfield code="y">1975/04</subfield><subfield code="2">gnd-content</subfield></datafield><datafield ind1="1" ind2=" " tag="700"><subfield code="a">Borradaile, Graham John</subfield><subfield code="d">19..-....</subfield><subfield code="0">(IDREF)07247131X</subfield></datafield><datafield ind1="1" ind2=" " tag="700"><subfield code="a">Borradaile, G. J.</subfield><subfield code="d">1947-</subfield><subfield code="0">(DE-588)1058889362</subfield></datafield><datafield ind1="2" ind2=" " tag="710"><subfield code="a">Koninklijke Nederlandse Akademie van Wetenschappen</subfield><subfield code="0">(DE-588)37531-7</subfield></datafield><datafield ind1="2" ind2=" " tag="711"><subfield code="a">National Symposium on Geodynamics</subfield><subfield code="d">1975</subfield><subfield code="c">Amsterdam</subfield><subfield code="0">(DE-588)5096767-8</subfield><subfield code="6">880-04</subfield></datafield><datafield ind1="2" ind2=" " tag="880"><subfield code="6">711-04</subfield><subfield code="a">National symposium on geodynamics</subfield><subfield code="d">1975</subfield><subfield code="c">Amsterdam</subfield><subfield code="0">(IDREF)086695053</subfield></datafield><datafield ind1=" " ind2=" " tag="830"><subfield code="a">Scientific report</subfield><subfield code="v">13</subfield><subfield code="w">(RERO)1083250-41slsp</subfield></datafield><datafield ind1=" " ind2=" " tag="900"><subfield code="a">REROnoselfmerge</subfield></datafield></record>
</metadata></record>