<record><header><identifier>oai:alma.41SLSP_UGE:991000040069705502</identifier><datestamp>2024-04-09T00:11:45Z</datestamp><setSpec>uge_bcen_RapidILL_BOOK</setSpec><setSpec>uge_aaca_RapidILL_BOOK</setSpec><setSpec>uge_abels_RapidILL_BOOK</setSpec><setSpec>uge_dbu_RapidILL_BOOK</setSpec><setSpec>uge_cmu_RapidILL_BOOK</setSpec><setSpec>uge_mail_RapidILL_BOOK</setSpec><setSpec>uge_abbat_RapidILL_BOOK</setSpec><setSpec>UNIGE_ALL</setSpec><setSpec>uge_aobs_RapidILL_BOOK</setSpec><setSpec>uge_acar_RapidILL_BOOK</setSpec></header><metadata>
<record xmlns="http://www.loc.gov/MARC21/slim" xmlns:xsi="http://www.w3.org/2001/XMLSchema-instance" xsi:schemaLocation="http://www.loc.gov/MARC21/slim http://www.loc.gov/standards/marcxml/schema/MARC21slim.xsd"><leader>01809nam a22003732c 4500</leader><controlfield tag="001">991000040069705502</controlfield><controlfield tag="005">20201231104108.0</controlfield><controlfield tag="008">201012s1978    sz ||||| |||| 00| ||fre d</controlfield><datafield ind1=" " ind2=" " tag="020"><subfield code="a">2880150833</subfield></datafield><datafield ind1=" " ind2=" " tag="035"><subfield code="a">(swissbib)238281981-41slsp_network</subfield></datafield><datafield ind1=" " ind2=" " tag="035"><subfield code="a">238281981</subfield><subfield code="9">ExL</subfield></datafield><datafield ind1=" " ind2=" " tag="035"><subfield code="a">(NEBIS)002988162EBI01</subfield></datafield><datafield ind1=" " ind2=" " tag="035"><subfield code="a">(RERO)0176551-41slsp</subfield></datafield><datafield ind1=" " ind2=" " tag="035"><subfield code="a">(IDSLU)000215614ILU01</subfield></datafield><datafield ind1=" " ind2=" " tag="035"><subfield code="a">(IDSBB)001503763DSV01</subfield></datafield><datafield ind1=" " ind2=" " tag="035"><subfield code="a">(EXLNZ-41SLSP_NETWORK)991049385029705501</subfield></datafield><datafield ind1=" " ind2=" " tag="040"><subfield code="a">SzZuIDS BS/BE B400</subfield><subfield code="d">CH-ZuSLS</subfield></datafield><datafield ind1=" " ind2=" " tag="044"><subfield code="a">sz</subfield><subfield code="c">ch-vd</subfield></datafield><datafield ind1=" " ind2="7" tag="072"><subfield code="a">fr</subfield><subfield code="2">rero</subfield></datafield><datafield ind1=" " ind2="7" tag="072"><subfield code="a">fr</subfield><subfield code="2">SzZuIDS BS/BE</subfield></datafield><datafield ind1="0" ind2="4" tag="082"><subfield code="a">843.912</subfield><subfield code="b">B597c</subfield></datafield><datafield ind1="1" ind2=" " tag="100"><subfield code="a">Bille, S. Corinna</subfield><subfield code="d">1912-1979</subfield><subfield code="0">(DE-588)118658832</subfield></datafield><datafield ind1="1" ind2="0" tag="245"><subfield code="a">Cent petites histoires d'amour</subfield><subfield code="c">S. Corinna Bille</subfield></datafield><datafield ind1=" " ind2=" " tag="250"><subfield code="a">Ed. originale</subfield></datafield><datafield ind1=" " ind2="1" tag="264"><subfield code="a">Vevey</subfield><subfield code="b">B. Galland</subfield><subfield code="c">[1978]</subfield></datafield><datafield ind1=" " ind2=" " tag="300"><subfield code="a">213 p.</subfield><subfield code="c">19 cm</subfield></datafield><datafield ind1=" " ind2=" " tag="336"><subfield code="b">txt</subfield><subfield code="2">rdacontent</subfield></datafield><datafield ind1=" " ind2=" " tag="337"><subfield code="b">n</subfield><subfield code="2">rdamedia</subfield></datafield><datafield ind1=" " ind2=" " tag="338"><subfield code="b">nc</subfield><subfield code="2">rdacarrier</subfield></datafield><datafield ind1="4" ind2=" " tag="510"><subfield code="a">La Liberté,1979,3/4 mars (Frédéric Wandelère); Swiss Américan Review,New York,1979,28 mars (Jean Devaud); TLM,1979,1 avril (Richard Garzarolli); World literature today. Norman,1981,Winter,p.61 (Maxine G. Cutler) ; Nouvelles littéraires,1979,11,11-18 janvier (Jerôme Garcin) ; La Tribune de Genève, 1978, 15 novembre (Jean Vuilleumier) ; L'Est vaudois, 1979, 16 mars (Michel Vouillomenet) ; Coopération, 1979, 31 mai (Eric de Montmollin) ; Le Monde, 1979, 19 novembre (Jacqueline Piatier) ; Les Nouvelles littéraire, 1979, 22 novembre (Jérôme Garcin) ; Le Nouvel Observateur, 1979, 7 décembre (Bruno Villien) ; L'Express, 1979, 29 décembre, 2 p. (Patrick Thevenon)</subfield></datafield><datafield ind1=" " ind2="0" tag="650"><subfield code="a">French fiction</subfield></datafield><datafield ind1="1" ind2=" " tag="700"><subfield code="a">Bille, Stéphanie Corinna</subfield><subfield code="d">1912-1979</subfield><subfield code="0">(IDREF)026649896</subfield><subfield code="4">cre</subfield></datafield><datafield ind1="1" ind2=" " tag="700"><subfield code="a">Bille, S. Corinna</subfield><subfield code="d">1912-1979</subfield><subfield code="0">(DE-588)118658832</subfield></datafield><datafield ind1=" " ind2=" " tag="900"><subfield code="a">IDSZRMedeaZBZ</subfield></datafield><datafield ind1=" " ind2=" " tag="900"><subfield code="a">REROnoselfmerge</subfield></datafield></record>
</metadata></record>