<record><header><identifier>oai:alma.41SLSP_UGE:991000040819705502</identifier><datestamp>2023-04-17T00:12:39Z</datestamp><setSpec>uge_bcen_RapidILL_BOOK</setSpec><setSpec>uge_aaca_RapidILL_BOOK</setSpec><setSpec>uge_abels_RapidILL_BOOK</setSpec><setSpec>uge_dbu_RapidILL_BOOK</setSpec><setSpec>uge_cmu_RapidILL_BOOK</setSpec><setSpec>uge_mail_RapidILL_BOOK</setSpec><setSpec>uge_abbat_RapidILL_BOOK</setSpec><setSpec>UNIGE_ALL</setSpec><setSpec>uge_aobs_RapidILL_BOOK</setSpec><setSpec>uge_acar_RapidILL_BOOK</setSpec></header><metadata>
<record xmlns="http://www.loc.gov/MARC21/slim" xmlns:xsi="http://www.w3.org/2001/XMLSchema-instance" xsi:schemaLocation="http://www.loc.gov/MARC21/slim http://www.loc.gov/standards/marcxml/schema/MARC21slim.xsd"><leader>03044nam a2200685 c 4500</leader><controlfield tag="001">991000040819705502</controlfield><controlfield tag="005">20230416152426.0</controlfield><controlfield tag="008">201012s2017    fr       b||| 100 0 fre| </controlfield><datafield ind1=" " ind2=" " tag="010"><subfield code="a">2017456430</subfield></datafield><datafield ind1=" " ind2=" " tag="020"><subfield code="a">2233008367</subfield></datafield><datafield ind1=" " ind2=" " tag="020"><subfield code="a">9782233008367</subfield><subfield code="q">pbk</subfield></datafield><datafield ind1="7" ind2=" " tag="024"><subfield code="a">http://catalogue.bnf.fr/ark:/12148/cb45293028g</subfield><subfield code="2">uri</subfield></datafield><datafield ind1=" " ind2=" " tag="035"><subfield code="a">(swissbib)237677598-41slsp_network</subfield></datafield><datafield ind1=" " ind2=" " tag="035"><subfield code="a">237677598</subfield><subfield code="9">ExL</subfield></datafield><datafield ind1=" " ind2=" " tag="035"><subfield code="a">(IDSBB)007149716DSV01</subfield></datafield><datafield ind1=" " ind2=" " tag="035"><subfield code="a">(RERO)R008666050-41slsp</subfield></datafield><datafield ind1=" " ind2=" " tag="035"><subfield code="a">(OCoLC)992519421</subfield></datafield><datafield ind1=" " ind2=" " tag="035"><subfield code="a">(EXLNZ-41SLSP_NETWORK)991113560729705501</subfield></datafield><datafield ind1=" " ind2=" " tag="040"><subfield code="a">DLC</subfield><subfield code="b">ger</subfield><subfield code="e">rda</subfield><subfield code="d">CH-ZuSLS</subfield></datafield><datafield ind1=" " ind2=" " tag="042"><subfield code="a">pcc</subfield></datafield><datafield ind1="0" ind2="0" tag="050"><subfield code="a">KZ1285</subfield><subfield code="b">.S63 2015</subfield></datafield><datafield ind1=" " ind2="7" tag="072"><subfield code="a">dr</subfield><subfield code="2">rero</subfield></datafield><datafield ind1="0" ind2="4" tag="082"><subfield code="a">341</subfield><subfield code="2">14</subfield></datafield><datafield ind1="0" ind2="4" tag="082"><subfield code="a">340</subfield></datafield><datafield ind1="1" ind2="4" tag="082"><subfield code="a">340</subfield><subfield code="2">15</subfield></datafield><datafield ind1=" " ind2=" " tag="084"><subfield code="a">PR 2180</subfield><subfield code="2">rvk</subfield></datafield><datafield ind1=" " ind2=" " tag="084"><subfield code="a">D 14 e</subfield><subfield code="2">cjurrom</subfield></datafield><datafield ind1="2" ind2=" " tag="111"><subfield code="a">Société française pour le droit international</subfield><subfield code="e">Journée d'études</subfield><subfield code="d">2015</subfield><subfield code="c">Lille</subfield><subfield code="0">(DE-588)1155191056</subfield></datafield><datafield ind1="1" ind2="0" tag="245"><subfield code="a">&lt;&lt;La&gt;&gt; mise en œuvre de la lex specialis dans le droit international contemporain</subfield><subfield code="b">Journée d'études de Lille</subfield><subfield code="c">sous la direction de Muriel Ubéda-Saillard</subfield></datafield><datafield ind1=" " ind2="1" tag="264"><subfield code="a">Paris</subfield><subfield code="b">Éditions Pedone</subfield><subfield code="c">2017</subfield></datafield><datafield ind1=" " ind2=" " tag="300"><subfield code="a">201 Seiten</subfield></datafield><datafield ind1=" " ind2=" " tag="336"><subfield code="b">txt</subfield><subfield code="2">rdacontent</subfield></datafield><datafield ind1=" " ind2=" " tag="337"><subfield code="b">n</subfield><subfield code="2">rdamedia</subfield></datafield><datafield ind1=" " ind2=" " tag="338"><subfield code="b">nc</subfield><subfield code="2">rdacarrier</subfield></datafield><datafield ind1="1" ind2=" " tag="490"><subfield code="a">Journées d'études de la Société française pour le droit international</subfield><subfield code="v">2015</subfield></datafield><datafield ind1=" " ind2=" " tag="500"><subfield code="a">Am Kopf der Titelseite: Société française pour le droit international</subfield></datafield><datafield ind1=" " ind2=" " tag="500"><subfield code="a">Journée d'études de la Société française pour le droit international, tenue à Lille, le 16 novembre 2015</subfield></datafield><datafield ind1=" " ind2=" " tag="504"><subfield code="a">Includes bibliographical references</subfield></datafield><datafield ind1=" " ind2="7" tag="650"><subfield code="a">Internationales Recht</subfield><subfield code="0">(DE-588)4027447-0</subfield><subfield code="2">gnd</subfield></datafield><datafield ind1=" " ind2="7" tag="650"><subfield code="a">Juristische Methodik</subfield><subfield code="0">(DE-588)4114116-7</subfield><subfield code="2">gnd</subfield></datafield><datafield ind1=" " ind2="7" tag="650"><subfield code="a">Lex specialis</subfield><subfield code="0">(DE-588)7569364-1</subfield><subfield code="2">gnd</subfield></datafield><datafield ind1=" " ind2="7" tag="650"><subfield code="a">Rechtstheorie</subfield><subfield code="0">(DE-588)4126505-1</subfield><subfield code="2">gnd</subfield></datafield><datafield ind1=" " ind2="0" tag="650"><subfield code="a">a International law</subfield><subfield code="x">Interpretation and construction</subfield><subfield code="v">Congresses</subfield></datafield><datafield ind1=" " ind2="0" tag="650"><subfield code="a">Conflict of laws</subfield><subfield code="v">Congresses</subfield></datafield><datafield ind1=" " ind2="0" tag="650"><subfield code="a">Derogation (Law)</subfield><subfield code="v">Congresses</subfield></datafield><datafield ind1=" " ind2="7" tag="650"><subfield code="a">Conflict of laws</subfield><subfield code="2">fast</subfield></datafield><datafield ind1=" " ind2="7" tag="650"><subfield code="a">Derogation (Law)</subfield><subfield code="2">fast</subfield></datafield><datafield ind1=" " ind2="0" tag="650"><subfield code="a">International law</subfield><subfield code="x">Interpretation and construction</subfield><subfield code="v">Congresses</subfield></datafield><datafield ind1=" " ind2="7" tag="650"><subfield code="a">Lois</subfield><subfield code="x">Application</subfield><subfield code="0">(IDREF)027813932</subfield><subfield code="2">idref</subfield></datafield><datafield ind1=" " ind2="7" tag="650"><subfield code="a">Droit international</subfield><subfield code="0">(IDREF)050627597</subfield><subfield code="2">idref</subfield></datafield><datafield ind1=" " ind2="7" tag="650"><subfield code="a">Dérogation (droit)</subfield><subfield code="0">(IDREF)031146813</subfield><subfield code="2">idref</subfield></datafield><datafield ind1=" " ind2="7" tag="651"><subfield code="a">Pays de l'Union européenne</subfield><subfield code="0">(IDREF)027260461</subfield><subfield code="2">idref</subfield></datafield><datafield ind1=" " ind2="7" tag="655"><subfield code="a">Konferenzschrift</subfield><subfield code="z">Lille</subfield><subfield code="y">2015</subfield><subfield code="2">gnd-content</subfield></datafield><datafield ind1=" " ind2="7" tag="655"><subfield code="a">Conference papers and proceedings</subfield><subfield code="2">fast</subfield></datafield><datafield ind1=" " ind2="7" tag="655"><subfield code="a">Actes de congrès</subfield><subfield code="0">(IDREF)02886431X</subfield><subfield code="2">idref</subfield></datafield><datafield ind1="1" ind2=" " tag="700"><subfield code="a">Ubéda-Saillard, Muriel</subfield><subfield code="d">1974-</subfield><subfield code="0">(DE-588)1161810005</subfield><subfield code="6">880-02</subfield></datafield><datafield ind1="1" ind2=" " tag="880"><subfield code="6">700-02</subfield><subfield code="a">Ubeda-Saillard, Muriel</subfield><subfield code="d">1974-....</subfield><subfield code="0">(IDREF)148001130</subfield></datafield><datafield ind1="2" ind2=" " tag="710"><subfield code="a">Société française pour le droit international</subfield><subfield code="b">Journée d'études</subfield><subfield code="d">2015</subfield><subfield code="c">Lille</subfield><subfield code="0">(IDREF)201322056</subfield></datafield><datafield ind1=" " ind2="0" tag="830"><subfield code="a">Journées d'études de la Société française pour le droit international</subfield><subfield code="v">2015</subfield><subfield code="w">(IDSBB)006093296DSV01</subfield></datafield><datafield ind1=" " ind2=" " tag="900"><subfield code="a">IDSDSStoppsignal FRED</subfield></datafield><datafield ind1=" " ind2=" " tag="900"><subfield code="a">REROnoselfmerge</subfield></datafield></record>
</metadata></record>