<record><header><identifier>oai:alma.41SLSP_UGE:991000040609705502</identifier><datestamp>2023-10-16T00:37:49Z</datestamp><setSpec>uge_bcen_RapidILL_BOOK</setSpec><setSpec>uge_aaca_RapidILL_BOOK</setSpec><setSpec>uge_abels_RapidILL_BOOK</setSpec><setSpec>uge_dbu_RapidILL_BOOK</setSpec><setSpec>uge_cmu_RapidILL_BOOK</setSpec><setSpec>uge_mail_RapidILL_BOOK</setSpec><setSpec>uge_abbat_RapidILL_BOOK</setSpec><setSpec>UNIGE_ALL</setSpec><setSpec>uge_aobs_RapidILL_BOOK</setSpec><setSpec>uge_acar_RapidILL_BOOK</setSpec></header><metadata>
<record xmlns="http://www.loc.gov/MARC21/slim" xmlns:xsi="http://www.w3.org/2001/XMLSchema-instance" xsi:schemaLocation="http://www.loc.gov/MARC21/slim http://www.loc.gov/standards/marcxml/schema/MARC21slim.xsd"><leader>01627nam a2200397 c 4500</leader><controlfield tag="001">991000040609705502</controlfield><controlfield tag="005">20230516185538.0</controlfield><controlfield tag="008">201011t19791979gw ||||| |||| 00| ||ger d</controlfield><datafield ind1=" " ind2=" " tag="020"><subfield code="a">3791304585</subfield></datafield><datafield ind1=" " ind2=" " tag="035"><subfield code="a">(swissbib)21455063X-41slsp_network</subfield></datafield><datafield ind1=" " ind2=" " tag="035"><subfield code="a">21455063X</subfield><subfield code="9">ExL</subfield></datafield><datafield ind1=" " ind2=" " tag="035"><subfield code="a">(RERO)0236444-41slsp</subfield></datafield><datafield ind1=" " ind2=" " tag="035"><subfield code="a">(IDSBB)000881223DSV01</subfield></datafield><datafield ind1=" " ind2=" " tag="035"><subfield code="a">(EXLNZ-41SLSP_NETWORK)991072685269705501</subfield></datafield><datafield ind1=" " ind2=" " tag="040"><subfield code="a">RERO</subfield><subfield code="d">CH-ZuSLS</subfield></datafield><datafield ind1=" " ind2="7" tag="072"><subfield code="a">hs</subfield><subfield code="2">rero</subfield></datafield><datafield ind1=" " ind2="7" tag="072"><subfield code="a">ar</subfield><subfield code="2">rero</subfield></datafield><datafield ind1="1" ind2=" " tag="080"><subfield code="a">736(3)</subfield></datafield><datafield ind1="1" ind2=" " tag="100"><subfield code="a">Zwierlein-Diehl, Erika</subfield><subfield code="d">1936-....</subfield><subfield code="0">(IDREF)030091012</subfield><subfield code="4">cre</subfield></datafield><datafield ind1="1" ind2="0" tag="245"><subfield code="a">&lt;&lt;Die&gt;&gt; Glasgemmen</subfield><subfield code="b">; Die Glaskameen ; Nachträge zu Band 1 ; Die Gemmen der späteren römischen Kaiserzeit : Teil 1, Götter</subfield><subfield code="c">bearb. von Erika Zwierlein-Diehl ; photographiert von Isolde Luckert</subfield></datafield><datafield ind1=" " ind2="1" tag="264"><subfield code="a">München</subfield><subfield code="b">Prestel Verlag</subfield><subfield code="c">1979</subfield></datafield><datafield ind1=" " ind2="4" tag="264"><subfield code="c">© 1979</subfield></datafield><datafield ind1=" " ind2=" " tag="300"><subfield code="a">414 p.</subfield><subfield code="b">ill.</subfield><subfield code="c">29 cm</subfield></datafield><datafield ind1=" " ind2=" " tag="336"><subfield code="b">txt</subfield><subfield code="2">rdacontent</subfield></datafield><datafield ind1=" " ind2=" " tag="337"><subfield code="b">n</subfield><subfield code="2">rdamedia</subfield></datafield><datafield ind1=" " ind2=" " tag="338"><subfield code="b">nc</subfield><subfield code="2">rdacarrier</subfield></datafield><datafield ind1="1" ind2=" " tag="490"><subfield code="a">Die antiken Gemmen des Kunsthistorischen Museums in Wien</subfield><subfield code="v">Bd. 2</subfield></datafield><datafield ind1="2" ind2="7" tag="610"><subfield code="a">Kunsthistorisches Museum</subfield><subfield code="g">Vienne</subfield><subfield code="0">(IDREF)02645906X</subfield><subfield code="2">idref</subfield></datafield><datafield ind1=" " ind2="7" tag="650"><subfield code="a">gemme romaine antique</subfield><subfield code="0">(RERO)A010087727</subfield><subfield code="2">rerovoc</subfield></datafield><datafield ind1=" " ind2="7" tag="650"><subfield code="a">Antiquité</subfield><subfield code="0">(IDREF)027789888</subfield><subfield code="2">idref</subfield></datafield><datafield ind1=" " ind2="7" tag="650"><subfield code="a">Camées</subfield><subfield code="0">(IDREF)02781548X</subfield><subfield code="2">idref</subfield></datafield><datafield ind1=" " ind2="7" tag="655"><subfield code="a">Catalogues</subfield><subfield code="0">(IDREF)027793222</subfield><subfield code="2">idref</subfield></datafield><datafield ind1=" " ind2="7" tag="651"><subfield code="a">Rome</subfield><subfield code="y">284-476 (Bas-Empire)</subfield><subfield code="0">(IDREF)027318125</subfield><subfield code="2">idref</subfield></datafield><datafield ind1="1" ind2=" " tag="700"><subfield code="a">Luckert, Isolde</subfield><subfield code="d">1943-2009</subfield><subfield code="0">(IDREF)030903289</subfield></datafield><datafield ind1="0" ind2="2" tag="740"><subfield code="a">&lt;&lt;Die&gt;&gt; Glaskameen</subfield></datafield><datafield ind1="0" ind2="2" tag="740"><subfield code="a">&lt;&lt;Die&gt;&gt; Gemmen der späteren römischen Kaiserzeit</subfield></datafield><datafield ind1=" " ind2="0" tag="830"><subfield code="a">&lt;&lt;Die&gt;&gt; antiken Gemmen des Kunsthistorischen Museums in Wien</subfield><subfield code="v">2</subfield><subfield code="w">(IDSBB)000293143DSV01</subfield></datafield></record>
</metadata></record>