<record><header><identifier>oai:alma.41SLSP_UGE:991000041029705502</identifier><datestamp>2024-09-22T00:07:27Z</datestamp><setSpec>uge_bcen_RapidILL_BOOK</setSpec><setSpec>uge_aaca_RapidILL_BOOK</setSpec><setSpec>uge_abels_RapidILL_BOOK</setSpec><setSpec>uge_dbu_RapidILL_BOOK</setSpec><setSpec>uge_cmu_RapidILL_BOOK</setSpec><setSpec>uge_mail_RapidILL_BOOK</setSpec><setSpec>UNIGE_ALL</setSpec><setSpec>uge_abbat_RapidILL_BOOK</setSpec><setSpec>uge_acar_RapidILL_BOOK</setSpec><setSpec>uge_aobs_RapidILL_BOOK</setSpec></header><metadata>
<record xmlns="http://www.loc.gov/MARC21/slim" xmlns:xsi="http://www.w3.org/2001/XMLSchema-instance" xsi:schemaLocation="http://www.loc.gov/MARC21/slim http://www.loc.gov/standards/marcxml/schema/MARC21slim.xsd"><leader>01406nam a2200325 c 4500</leader><controlfield tag="001">991000041029705502</controlfield><controlfield tag="005">20230117203113.0</controlfield><controlfield tag="008">040913s2001    xxk||||| |||| 00| ||eng d</controlfield><datafield ind1=" " ind2=" " tag="020"><subfield code="a">1850748055</subfield><subfield code="q">hb</subfield><subfield code="c">£ 25.-</subfield></datafield><datafield ind1=" " ind2=" " tag="020"><subfield code="a">1850748039</subfield><subfield code="q">pb</subfield><subfield code="c">£ 15.-</subfield></datafield><datafield ind1=" " ind2=" " tag="035"><subfield code="a">(swissbib)101006764-41slsp_network</subfield></datafield><datafield ind1=" " ind2=" " tag="035"><subfield code="a">101006764</subfield><subfield code="9">ExL</subfield></datafield><datafield ind1=" " ind2=" " tag="035"><subfield code="a">(RERO)R003701842-41slsp</subfield></datafield><datafield ind1=" " ind2=" " tag="035"><subfield code="a">(EXLNZ-41SLSP_NETWORK)991139601379705501</subfield></datafield><datafield ind1=" " ind2=" " tag="040"><subfield code="a">RERO geulha</subfield><subfield code="d">CH-ZuSLS</subfield></datafield><datafield ind1=" " ind2="7" tag="072"><subfield code="a">ba</subfield><subfield code="2">rero</subfield></datafield><datafield ind1="0" ind2="0" tag="245"><subfield code="a">Clerics and connoisseurs</subfield><subfield code="b">the rev. Matthew Pilkington, the Cobbe family and the fortunes of an Irish art collection through three centuries : [London, Iveagh Bequest, 19 october 2001 - 27 january 2002]</subfield><subfield code="c">ed. by Alastair Laing ; with special contrib. by Nicholas Turner</subfield></datafield><datafield ind1=" " ind2="1" tag="264"><subfield code="a">London</subfield><subfield code="b">English Heritage</subfield><subfield code="b">Azimuth Editions</subfield><subfield code="c">2001</subfield></datafield><datafield ind1=" " ind2=" " tag="300"><subfield code="a">384 p.</subfield><subfield code="b">ill. en noir et en coul.</subfield><subfield code="c">28 cm</subfield></datafield><datafield ind1=" " ind2=" " tag="336"><subfield code="b">txt</subfield><subfield code="2">rdacontent</subfield></datafield><datafield ind1=" " ind2=" " tag="337"><subfield code="b">n</subfield><subfield code="2">rdamedia</subfield></datafield><datafield ind1=" " ind2=" " tag="338"><subfield code="b">nc</subfield><subfield code="2">rdacarrier</subfield></datafield><datafield ind1=" " ind2=" " tag="500"><subfield code="a">Exposition. London. Iveagh Bequest. 2001</subfield></datafield><datafield ind1="0" ind2="7" tag="600"><subfield code="a">Cobb</subfield><subfield code="c">(famille)</subfield><subfield code="0">(RERO)A011398579</subfield><subfield code="2">rero</subfield></datafield><datafield ind1="1" ind2="7" tag="600"><subfield code="a">Pilkington, Matthew</subfield><subfield code="d">1701-1784</subfield><subfield code="0">(IDREF)110677862</subfield><subfield code="2">idref</subfield></datafield><datafield ind1=" " ind2="7" tag="650"><subfield code="a">Art</subfield><subfield code="0">(IDREF)027269302</subfield><subfield code="2">idref</subfield></datafield><datafield ind1=" " ind2="7" tag="650"><subfield code="a">collection</subfield><subfield code="0">(RERO)A009971137</subfield><subfield code="2">rerovoc</subfield></datafield><datafield ind1=" " ind2="7" tag="655"><subfield code="a">Catalogues d'exposition</subfield><subfield code="0">(IDREF)027320456</subfield><subfield code="2">idref</subfield></datafield><datafield ind1="1" ind2=" " tag="700"><subfield code="a">Laing, Alastair</subfield><subfield code="d">1944-2024</subfield><subfield code="0">(IDREF)026961229</subfield></datafield><datafield ind1="1" ind2=" " tag="700"><subfield code="a">Turner, Nicholas</subfield><subfield code="d">1947-....</subfield><subfield code="0">(IDREF)030833817</subfield></datafield><datafield ind1=" " ind2=" " tag="900"><subfield code="a">REROnoselfmerge</subfield></datafield><datafield ind1=" " ind2=" " tag="993"><subfield code="a">BFLB 24112</subfield><subfield code="x">ge/ulha/a/04/0715</subfield><subfield code="9">LOCAL</subfield></datafield></record>
</metadata></record>