<record><header><identifier>oai:alma.41SLSP_UGE:991000040399705502</identifier><datestamp>2023-04-14T00:14:07Z</datestamp><setSpec>uge_bcen_RapidILL_BOOK</setSpec><setSpec>uge_aaca_RapidILL_BOOK</setSpec><setSpec>uge_abels_RapidILL_BOOK</setSpec><setSpec>uge_dbu_RapidILL_BOOK</setSpec><setSpec>uge_cmu_RapidILL_BOOK</setSpec><setSpec>uge_mail_RapidILL_BOOK</setSpec><setSpec>uge_abbat_RapidILL_BOOK</setSpec><setSpec>UNIGE_ALL</setSpec><setSpec>uge_aobs_RapidILL_BOOK</setSpec><setSpec>uge_acar_RapidILL_BOOK</setSpec></header><metadata>
<record xmlns="http://www.loc.gov/MARC21/slim" xmlns:xsi="http://www.w3.org/2001/XMLSchema-instance" xsi:schemaLocation="http://www.loc.gov/MARC21/slim http://www.loc.gov/standards/marcxml/schema/MARC21slim.xsd"><leader>02583nam a2200721 c 4500</leader><controlfield tag="001">991000040399705502</controlfield><controlfield tag="005">20230413233602.0</controlfield><controlfield tag="008">201011s2006    nyu||||| |||| 00| ||eng d</controlfield><datafield ind1=" " ind2=" " tag="010"><subfield code="a">2006017785</subfield></datafield><datafield ind1=" " ind2=" " tag="020"><subfield code="a">9780231137867</subfield><subfield code="q">alk. paper</subfield></datafield><datafield ind1=" " ind2=" " tag="020"><subfield code="a">9780231510745</subfield><subfield code="q">pbk.</subfield></datafield><datafield ind1=" " ind2=" " tag="020"><subfield code="a">0231137869</subfield><subfield code="q">casebound : alk. paper</subfield></datafield><datafield ind1=" " ind2=" " tag="020"><subfield code="a">0231510748</subfield><subfield code="q">pbk.</subfield></datafield><datafield ind1=" " ind2=" " tag="035"><subfield code="a">(swissbib)229601332-41slsp_network</subfield></datafield><datafield ind1=" " ind2=" " tag="035"><subfield code="a">229601332</subfield><subfield code="9">ExL</subfield></datafield><datafield ind1=" " ind2=" " tag="035"><subfield code="a">(RERO)R007122297-41slsp</subfield></datafield><datafield ind1=" " ind2=" " tag="035"><subfield code="a">(NEBIS)005197298EBI01</subfield></datafield><datafield ind1=" " ind2=" " tag="035"><subfield code="a">(EXLNZ-41SLSP_NETWORK)991089375329705501</subfield></datafield><datafield ind1=" " ind2=" " tag="040"><subfield code="a">DLC</subfield><subfield code="d">CH-ZuSLS</subfield></datafield><datafield ind1=" " ind2="0" tag="050"><subfield code="a">PL726.58.W64</subfield><subfield code="b">L58 2006</subfield></datafield><datafield ind1=" " ind2="7" tag="072"><subfield code="a">or</subfield><subfield code="2">rero</subfield></datafield><datafield ind1="0" ind2="0" tag="082"><subfield code="a">895.6/093522</subfield><subfield code="2">22</subfield></datafield><datafield ind1="0" ind2="4" tag="082"><subfield code="a">895.6 093522</subfield><subfield code="2">22</subfield></datafield><datafield ind1="0" ind2="4" tag="082"><subfield code="a">895.6</subfield><subfield code="2">22</subfield></datafield><datafield ind1="1" ind2=" " tag="100"><subfield code="a">Levy, Indra A.</subfield><subfield code="d">19..-....</subfield><subfield code="0">(IDREF)118761536</subfield><subfield code="4">cre</subfield></datafield><datafield ind1="1" ind2="0" tag="245"><subfield code="a">Sirens of the Western shore</subfield><subfield code="b">the westernesque femme fatale, translation, and vernacular style in modern Japanese literature</subfield><subfield code="c">Indra Levy</subfield></datafield><datafield ind1=" " ind2="1" tag="264"><subfield code="a">New York</subfield><subfield code="b">Columbia University Press</subfield><subfield code="c">[2006]</subfield></datafield><datafield ind1=" " ind2="4" tag="264"><subfield code="c">© 2006</subfield></datafield><datafield ind1=" " ind2=" " tag="300"><subfield code="a">ix, 330 p.</subfield><subfield code="b">ill.</subfield><subfield code="c">22 cm</subfield></datafield><datafield ind1=" " ind2=" " tag="336"><subfield code="b">txt</subfield><subfield code="2">rdacontent</subfield></datafield><datafield ind1=" " ind2=" " tag="337"><subfield code="b">n</subfield><subfield code="2">rdamedia</subfield></datafield><datafield ind1=" " ind2=" " tag="338"><subfield code="b">nc</subfield><subfield code="2">rdacarrier</subfield></datafield><datafield ind1=" " ind2=" " tag="504"><subfield code="a">Includes bibliographical references (p. [303]-312) and index</subfield></datafield><datafield ind1=" " ind2="7" tag="648"><subfield code="a">Geschichte 1850-1900</subfield><subfield code="2">idszbz</subfield></datafield><datafield ind1=" " ind2="7" tag="648"><subfield code="a">Geschichte 1900-1950</subfield><subfield code="2">idszbz</subfield></datafield><datafield ind1=" " ind2="7" tag="648"><subfield code="a">Meiji-Zeit (Epoche)</subfield><subfield code="2">idszbz</subfield></datafield><datafield ind1=" " ind2="7" tag="650"><subfield code="a">Femme fatale</subfield><subfield code="2">idszbz</subfield></datafield><datafield ind1=" " ind2="7" tag="650"><subfield code="a">Frauenliteratur</subfield><subfield code="2">idszbz</subfield></datafield><datafield ind1=" " ind2="7" tag="650"><subfield code="a">Japanisch</subfield><subfield code="2">idszbz</subfield></datafield><datafield ind1=" " ind2="7" tag="650"><subfield code="a">Literatur</subfield><subfield code="2">idszbz</subfield></datafield><datafield ind1=" " ind2="7" tag="650"><subfield code="a">Rezeption</subfield><subfield code="2">idszbz</subfield></datafield><datafield ind1=" " ind2="0" tag="650"><subfield code="a">Japanese literature</subfield><subfield code="x">Western influences</subfield></datafield><datafield ind1=" " ind2="0" tag="650"><subfield code="a">Japanese literature</subfield><subfield code="y">1868-</subfield><subfield code="x">History and criticism</subfield></datafield><datafield ind1=" " ind2="0" tag="650"><subfield code="a">Women in literature</subfield></datafield><datafield ind1=" " ind2="7" tag="650"><subfield code="a">Frauenbild</subfield><subfield code="0">(DE-588)4125057-6</subfield><subfield code="2">gnd</subfield></datafield><datafield ind1=" " ind2="7" tag="650"><subfield code="a">Japanisch</subfield><subfield code="0">(DE-588)4114069-2</subfield><subfield code="2">gnd</subfield></datafield><datafield ind1=" " ind2="7" tag="650"><subfield code="a">Literatur</subfield><subfield code="0">(DE-588)4035964-5</subfield><subfield code="2">gnd</subfield></datafield><datafield ind1=" " ind2="7" tag="651"><subfield code="a">Westliche Welt</subfield><subfield code="2">idszbz</subfield></datafield><datafield ind1=" " ind2="7" tag="651"><subfield code="a">Westliche Welt</subfield><subfield code="0">(DE-588)4079237-7</subfield><subfield code="2">gnd</subfield></datafield><datafield ind1=" " ind2=" " tag="690"><subfield code="a">Japan</subfield><subfield code="2">uzb-UW</subfield></datafield><datafield ind1=" " ind2=" " tag="690"><subfield code="a">Literatur</subfield><subfield code="2">uzb-UW</subfield></datafield><datafield ind1=" " ind2=" " tag="690"><subfield code="a">Motivik</subfield><subfield code="2">uzb-UW</subfield></datafield><datafield ind1=" " ind2=" " tag="690"><subfield code="a">Beziehung zum Westen</subfield><subfield code="2">uzb-UW</subfield></datafield><datafield ind1=" " ind2=" " tag="690"><subfield code="a">Frau</subfield><subfield code="2">uzb-UW</subfield></datafield><datafield ind1=" " ind2=" " tag="690"><subfield code="a">Gender / Geschlecht</subfield><subfield code="2">uzb-UW</subfield></datafield><datafield ind1=" " ind2=" " tag="690"><subfield code="a">Übersetzung</subfield><subfield code="2">uzb-UW</subfield></datafield><datafield ind1=" " ind2=" " tag="690"><subfield code="a">Tayama, Katai</subfield><subfield code="2">uzb-UW</subfield></datafield><datafield ind1=" " ind2=" " tag="690"><subfield code="a">Naturalismus</subfield><subfield code="2">uzb-UW</subfield></datafield><datafield ind1=" " ind2=" " tag="690"><subfield code="a">19. Jahrhundert</subfield><subfield code="2">uzb-UW</subfield></datafield><datafield ind1=" " ind2=" " tag="690"><subfield code="a">20. Jahrhundert</subfield><subfield code="2">uzb-UW</subfield></datafield><datafield ind1="1" ind2=" " tag="700"><subfield code="a">Levy, Indra</subfield></datafield><datafield ind1="4" ind2="2" tag="856"><subfield code="3">Table of contents only</subfield><subfield code="u">http://www.loc.gov/catdir/toc/ecip0615/2006017785.html</subfield></datafield><datafield ind1=" " ind2=" " tag="900"><subfield code="a">IDSZ2zbzmon200708f</subfield><subfield code="c">IDSZ2suse</subfield><subfield code="d">IDSZ2zbzswk200806b</subfield><subfield code="e">IDSZ2mors</subfield></datafield><datafield ind1=" " ind2=" " tag="949"><subfield code="a">http://www.loc.gov/catdir/toc/ecip0615/2006017785.html</subfield></datafield></record>
</metadata></record>