<record><header><identifier>oai:alma.41SLSP_UGE:991000040919705502</identifier><datestamp>2023-05-03T00:23:45Z</datestamp><setSpec>uge_bcen_RapidILL_BOOK</setSpec><setSpec>uge_aaca_RapidILL_BOOK</setSpec><setSpec>uge_abels_RapidILL_BOOK</setSpec><setSpec>uge_dbu_RapidILL_BOOK</setSpec><setSpec>uge_cmu_RapidILL_BOOK</setSpec><setSpec>uge_mail_RapidILL_BOOK</setSpec><setSpec>uge_abbat_RapidILL_BOOK</setSpec><setSpec>UNIGE_ALL</setSpec><setSpec>uge_acar_RapidILL_BOOK</setSpec><setSpec>uge_aobs_RapidILL_BOOK</setSpec></header><metadata>
<record xmlns="http://www.loc.gov/MARC21/slim" xmlns:xsi="http://www.w3.org/2001/XMLSchema-instance" xsi:schemaLocation="http://www.loc.gov/MARC21/slim http://www.loc.gov/standards/marcxml/schema/MARC21slim.xsd"><leader>01141nam a2200301 c 4500</leader><controlfield tag="001">991000040919705502</controlfield><controlfield tag="005">20230502190910.0</controlfield><controlfield tag="008">000922m19711972gw ||||| |||| 00| ||ger d</controlfield><datafield ind1=" " ind2=" " tag="035"><subfield code="a">(swissbib)081007558-41slsp_network</subfield></datafield><datafield ind1=" " ind2=" " tag="035"><subfield code="a">081007558</subfield><subfield code="9">ExL</subfield></datafield><datafield ind1=" " ind2=" " tag="035"><subfield code="a">(RERO)0740591-41slsp</subfield></datafield><datafield ind1=" " ind2=" " tag="035"><subfield code="a">(EXLNZ-41SLSP_NETWORK)991105035839705501</subfield></datafield><datafield ind1=" " ind2=" " tag="040"><subfield code="a">RERO frbcuc</subfield><subfield code="d">CH-ZuSLS</subfield></datafield><datafield ind1=" " ind2="7" tag="072"><subfield code="a">ba</subfield><subfield code="2">rero</subfield></datafield><datafield ind1="0" ind2="0" tag="245"><subfield code="a">Katalog neuere Meister</subfield><subfield code="b">19. und 20. Jahrhundert</subfield><subfield code="c">bearb. von Jan Lauts und Werner Zimmermann</subfield></datafield><datafield ind1=" " ind2="1" tag="264"><subfield code="a">Karlsruhe</subfield><subfield code="b">Staatliche Kunsthalle</subfield><subfield code="c">1971-1972</subfield></datafield><datafield ind1=" " ind2=" " tag="300"><subfield code="a">2 Bde (350 S., 545 S.)</subfield><subfield code="b">ill.</subfield><subfield code="c">24 cm</subfield></datafield><datafield ind1=" " ind2=" " tag="336"><subfield code="b">txt</subfield><subfield code="2">rdacontent</subfield></datafield><datafield ind1=" " ind2=" " tag="337"><subfield code="b">n</subfield><subfield code="2">rdamedia</subfield></datafield><datafield ind1=" " ind2=" " tag="338"><subfield code="b">nc</subfield><subfield code="2">rdacarrier</subfield></datafield><datafield ind1=" " ind2=" " tag="500"><subfield code="a">Deux volumes dont un volume de texte et un volume d'illustrations</subfield></datafield><datafield ind1=" " ind2=" " tag="504"><subfield code="a">Bibliogr</subfield></datafield><datafield ind1="2" ind2="7" tag="610"><subfield code="a">Staatliche Kunsthalle</subfield><subfield code="g">Karlsruhe, Allemagne</subfield><subfield code="0">(IDREF)027750175</subfield><subfield code="2">idref</subfield></datafield><datafield ind1=" " ind2="7" tag="650"><subfield code="a">Peinture européenne</subfield><subfield code="0">(IDREF)027611906</subfield><subfield code="2">idref</subfield></datafield><datafield ind1=" " ind2="7" tag="650"><subfield code="a">19e siècle-20e siècle</subfield><subfield code="2">idref</subfield></datafield><datafield ind1=" " ind2="7" tag="655"><subfield code="a">Catalogues</subfield><subfield code="0">(IDREF)027793222</subfield><subfield code="2">idref</subfield></datafield><datafield ind1="1" ind2=" " tag="700"><subfield code="a">Lauts, Jan</subfield><subfield code="d">1908-1993</subfield><subfield code="0">(IDREF)067715087</subfield></datafield><datafield ind1="2" ind2=" " tag="710"><subfield code="a">Staatliche Kunsthalle (Karlsruhe)</subfield><subfield code="0">(RERO)A000184895</subfield></datafield><datafield ind1=" " ind2=" " tag="900"><subfield code="a">REROnoselfmerge</subfield></datafield><datafield ind1=" " ind2=" " tag="993"><subfield code="a">BFLA 25178</subfield><subfield code="x">ge/ulha/a/87/881</subfield><subfield code="9">LOCAL</subfield></datafield></record>
</metadata></record>