<record><header><identifier>oai:alma.41SLSP_UGE:991000041039705502</identifier><datestamp>2023-09-02T00:44:21Z</datestamp><setSpec>uge_bcen_RapidILL_BOOK</setSpec><setSpec>uge_aaca_RapidILL_BOOK</setSpec><setSpec>uge_abels_RapidILL_BOOK</setSpec><setSpec>uge_dbu_RapidILL_BOOK</setSpec><setSpec>uge_cmu_RapidILL_BOOK</setSpec><setSpec>uge_mail_RapidILL_BOOK</setSpec><setSpec>uge_abbat_RapidILL_BOOK</setSpec><setSpec>UNIGE_ALL</setSpec><setSpec>uge_acar_RapidILL_BOOK</setSpec><setSpec>uge_aobs_RapidILL_BOOK</setSpec></header><metadata>
<record xmlns="http://www.loc.gov/MARC21/slim" xmlns:xsi="http://www.w3.org/2001/XMLSchema-instance" xsi:schemaLocation="http://www.loc.gov/MARC21/slim http://www.loc.gov/standards/marcxml/schema/MARC21slim.xsd"><leader>01390naa a2200277 c 4500</leader><controlfield tag="001">991000041039705502</controlfield><controlfield tag="005">20230717213944.0</controlfield><controlfield tag="008">010122s1994    sz ||||| |||| 00| ||fre d</controlfield><datafield ind1=" " ind2=" " tag="035"><subfield code="a">(swissbib)089451627-41slsp_network</subfield></datafield><datafield ind1=" " ind2=" " tag="035"><subfield code="a">089451627</subfield><subfield code="9">ExL</subfield></datafield><datafield ind1=" " ind2=" " tag="035"><subfield code="a">(RERO)1950678-41slsp</subfield></datafield><datafield ind1=" " ind2=" " tag="035"><subfield code="a">(EXLNZ-41SLSP_NETWORK)991144694119705501</subfield></datafield><datafield ind1=" " ind2=" " tag="040"><subfield code="a">RERO geucmu</subfield><subfield code="d">CH-ZuSLS</subfield></datafield><datafield ind1=" " ind2="7" tag="072"><subfield code="a">me</subfield><subfield code="2">rero</subfield></datafield><datafield ind1="0" ind2="0" tag="245"><subfield code="a">&lt;&lt;Le&gt;&gt; monoxyde d'azote (NO) dans le traitement du syndrome de détresse respiratoire de l'adulte</subfield><subfield code="c">B. Ricou... [et al.]</subfield></datafield><datafield ind1=" " ind2=" " tag="336"><subfield code="b">txt</subfield><subfield code="2">rdacontent</subfield></datafield><datafield ind1=" " ind2=" " tag="337"><subfield code="b">n</subfield><subfield code="2">rdamedia</subfield></datafield><datafield ind1=" " ind2=" " tag="338"><subfield code="b">nc</subfield><subfield code="2">rdacarrier</subfield></datafield><datafield ind1=" " ind2=" " tag="508"><subfield code="a">Autre(s) auteur(s): S. Grandin, P. Jolliet, J.C. Chevrolet, P.M. Suter</subfield></datafield><datafield ind1=" " ind2=" " tag="580"><subfield code="a">In: Journal suisse de médecine. - Basel. - Vol. 124(1994), p. 583-588</subfield></datafield><datafield ind1="1" ind2=" " tag="700"><subfield code="a">Grandin, Stéphane</subfield><subfield code="0">(RERO)A003314247</subfield></datafield><datafield ind1="1" ind2=" " tag="700"><subfield code="a">Ricou, Bara</subfield><subfield code="0">(RERO)A003744927</subfield></datafield><datafield ind1="1" ind2=" " tag="700"><subfield code="a">Suter, Peter M.</subfield><subfield code="d">1940-....</subfield><subfield code="0">(IDREF)250915944</subfield></datafield><datafield ind1="1" ind2=" " tag="700"><subfield code="a">Jolliet, Philippe</subfield><subfield code="0">(RERO)A003428924</subfield></datafield><datafield ind1="1" ind2=" " tag="700"><subfield code="a">Chevrolet, Jean-Claude</subfield><subfield code="0">(RERO)A003101465</subfield></datafield><datafield ind1="0" ind2=" " tag="773"><subfield code="t">Schweizerische medizinische Wochenschrift : offizielles Organ der Schweizerischen Gesellschaft für innere Medizin und der Schweizerischen Gesellschaft für Pneumologie = Journal suisse de médecine : organe officiel de la Société suisse de médecine interne et de la Société suisse de pneumologie</subfield><subfield code="g">1994/583</subfield><subfield code="g">yr:1994</subfield><subfield code="w">(RERO)0139074-41slsp</subfield></datafield><datafield ind1=" " ind2=" " tag="900"><subfield code="a">REROnoselfmerge</subfield></datafield></record>
</metadata></record>