<record><header><identifier>oai:alma.41SLSP_UGE:991000040209705502</identifier><datestamp>2024-11-15T01:09:57Z</datestamp><setSpec>uge_bcen_RapidILL_BOOK</setSpec><setSpec>uge_aaca_RapidILL_BOOK</setSpec><setSpec>uge_abels_RapidILL_BOOK</setSpec><setSpec>uge_dbu_RapidILL_BOOK</setSpec><setSpec>uge_cmu_RapidILL_BOOK</setSpec><setSpec>uge_mail_RapidILL_BOOK</setSpec><setSpec>uge_abbat_RapidILL_BOOK</setSpec><setSpec>UNIGE_ALL</setSpec><setSpec>uge_acar_RapidILL_BOOK</setSpec><setSpec>uge_aobs_RapidILL_BOOK</setSpec></header><metadata>
<record xmlns="http://www.loc.gov/MARC21/slim" xmlns:xsi="http://www.w3.org/2001/XMLSchema-instance" xsi:schemaLocation="http://www.loc.gov/MARC21/slim http://www.loc.gov/standards/marcxml/schema/MARC21slim.xsd"><leader>03040nam a22006857c 4500</leader><controlfield tag="001">991000040209705502</controlfield><controlfield tag="005">20241114194704.0</controlfield><controlfield tag="008">201011s1981    xxu           00| | eng  </controlfield><datafield ind1=" " ind2=" " tag="020"><subfield code="a">0896592375</subfield><subfield code="q">paper</subfield></datafield><datafield ind1=" " ind2=" " tag="020"><subfield code="a">089659226X</subfield><subfield code="q">cloth</subfield></datafield><datafield ind1=" " ind2=" " tag="035"><subfield code="a">(swissbib)218045964-41slsp_network</subfield></datafield><datafield ind1=" " ind2=" " tag="035"><subfield code="a">218045964</subfield><subfield code="9">ExL</subfield></datafield><datafield ind1=" " ind2=" " tag="035"><subfield code="a">(NEBIS)004169389EBI01</subfield></datafield><datafield ind1=" " ind2=" " tag="035"><subfield code="a">(NEBIS)009055394EBI01</subfield></datafield><datafield ind1=" " ind2=" " tag="035"><subfield code="a">(IDSBB)004176211DSV01</subfield></datafield><datafield ind1=" " ind2=" " tag="035"><subfield code="a">(SBT)000876003SBT01</subfield></datafield><datafield ind1=" " ind2=" " tag="035"><subfield code="a">(RERO)0548826-41slsp</subfield></datafield><datafield ind1=" " ind2=" " tag="035"><subfield code="a">(EXLNZ-41SLSP_NETWORK)991144543169705501</subfield></datafield><datafield ind1=" " ind2=" " tag="040"><subfield code="a">IDS NEBIS ETH-GS</subfield><subfield code="d">CH-ZuSLS</subfield></datafield><datafield ind1=" " ind2="7" tag="072"><subfield code="a">ba</subfield><subfield code="2">rero</subfield></datafield><datafield ind1="0" ind2="0" tag="082"><subfield code="a">760/.092/4</subfield><subfield code="2">19</subfield></datafield><datafield ind1=" " ind2=" " tag="084"><subfield code="a">9,10</subfield><subfield code="2">ssgn</subfield></datafield><datafield ind1=" " ind2=" " tag="084"><subfield code="a">LI 76600</subfield><subfield code="2">rvk</subfield></datafield><datafield ind1="1" ind2=" " tag="100"><subfield code="a">Slive, Seymour</subfield><subfield code="d">1920-2014</subfield><subfield code="0">(DE-588)119514842</subfield></datafield><datafield ind1="1" ind2="0" tag="245"><subfield code="a">Jacob van Ruisdael</subfield><subfield code="b">Mauritshuis, The Royal Cabinet of Paintings, The Hague, 1 October 1981-3 January 1982, The Fogg Art Museum, Harvard University, Cambridge, Massachusetts, 18 January 1982-11 April 1982</subfield><subfield code="c">Seymour Slive, H. R. Hoetink</subfield></datafield><datafield ind1=" " ind2="1" tag="264"><subfield code="a">New York</subfield><subfield code="b">Abbeville Press</subfield><subfield code="c">[1981]</subfield></datafield><datafield ind1=" " ind2="4" tag="264"><subfield code="c">© 1981</subfield></datafield><datafield ind1=" " ind2=" " tag="300"><subfield code="a">271 S.</subfield><subfield code="b">Front., Ill., Taf.</subfield><subfield code="c">29 cm</subfield></datafield><datafield ind1=" " ind2=" " tag="336"><subfield code="b">txt</subfield><subfield code="2">rdacontent</subfield></datafield><datafield ind1=" " ind2=" " tag="337"><subfield code="b">n</subfield><subfield code="2">rdamedia</subfield></datafield><datafield ind1=" " ind2=" " tag="338"><subfield code="b">nc</subfield><subfield code="2">rdacarrier</subfield></datafield><datafield ind1=" " ind2=" " tag="500"><subfield code="a">Ausstellung: Mauritshuis, The Royal Cabinet of Paintings The Hague, 1 October 1981 - 3 January 1982 ; The Fogg Art Museum, Harvard University, Cambridge, Massachusetts, 18 January 1982 - 11 April 1982</subfield></datafield><datafield ind1=" " ind2=" " tag="500"><subfield code="a">Exposition. Den Haag. Mauritshuis. 1981-1982</subfield></datafield><datafield ind1=" " ind2=" " tag="500"><subfield code="a">Exposition. Cambridge, Mass. William Hayes Fogg Art Museum. 1982</subfield></datafield><datafield ind1=" " ind2=" " tag="504"><subfield code="a">Bibliogr</subfield></datafield><datafield ind1="1" ind2="7" tag="600"><subfield code="a">Ruisdael, Jacob &lt;&lt;van&gt;&gt;</subfield><subfield code="d">1628-1682</subfield><subfield code="0">(DE-588)118604082</subfield><subfield code="2">gnd</subfield></datafield><datafield ind1="1" ind2="0" tag="600"><subfield code="a">Ruisdael, Jacob van</subfield><subfield code="d">1628 or 1629-1682</subfield></datafield><datafield ind1="1" ind2="0" tag="600"><subfield code="a">Ruisdael, Jacob van</subfield><subfield code="d">1628 or 1629-1682</subfield><subfield code="v">Exhibitions</subfield></datafield><datafield ind1="1" ind2="7" tag="600"><subfield code="a">Van Ruisdael, Jacob Isaacksz</subfield><subfield code="d">1628?-1682</subfield><subfield code="0">(IDREF)027515125</subfield><subfield code="2">idref</subfield></datafield><datafield ind1="1" ind2="7" tag="600"><subfield code="a">Ruisdael, Jacob van</subfield><subfield code="x">Cataloghi di esposizioni</subfield><subfield code="2">sbt12</subfield></datafield><datafield ind1=" " ind2="7" tag="650"><subfield code="a">Ausstellung</subfield><subfield code="0">(DE-588)4129601-1</subfield><subfield code="2">gnd</subfield></datafield><datafield ind1=" " ind2="7" tag="655"><subfield code="a">Ausstellungskatalog</subfield><subfield code="z">The HagueVeranstaltungsort</subfield><subfield code="y">1982</subfield><subfield code="2">gnd-content</subfield></datafield><datafield ind1=" " ind2="7" tag="655"><subfield code="a">Ausstellungskatalog</subfield><subfield code="z">Cambridge (MA)</subfield><subfield code="y">1982</subfield><subfield code="2">gnd-content</subfield></datafield><datafield ind1=" " ind2="7" tag="655"><subfield code="a">Ausstellungskatalog</subfield><subfield code="z">'s-Gravenhage</subfield><subfield code="y">1981-1982</subfield><subfield code="2">gnd-content</subfield></datafield><datafield ind1=" " ind2="7" tag="655"><subfield code="a">Ausstellungskatalog</subfield><subfield code="z">Mauritshuis</subfield><subfield code="y">1981</subfield><subfield code="2">gnd-content</subfield></datafield><datafield ind1=" " ind2="7" tag="655"><subfield code="a">Ausstellungskatalog</subfield><subfield code="z">Cambridge, Mass.</subfield><subfield code="y">1982</subfield><subfield code="2">gnd-content</subfield></datafield><datafield ind1=" " ind2="7" tag="655"><subfield code="a">Catalogues d'exposition</subfield><subfield code="0">(IDREF)027320456</subfield><subfield code="2">idref</subfield></datafield><datafield ind1=" " ind2=" " tag="690"><subfield code="a">Ruisdael, Jacob van</subfield><subfield code="2">uzb-Z9</subfield></datafield><datafield ind1=" " ind2=" " tag="690"><subfield code="a">Ruisdael, Jacob van</subfield><subfield code="2">uzb-US</subfield></datafield><datafield ind1=" " ind2=" " tag="690"><subfield code="a">Ausstellung. Niederlande. Den Haag. Mauritshuis</subfield><subfield code="2">uzb-US</subfield></datafield><datafield ind1=" " ind2=" " tag="690"><subfield code="a">Ausstellung. USA. Cambridge (Mass.). Fogg Art Museum</subfield><subfield code="2">uzb-US</subfield></datafield><datafield ind1=" " ind2=" " tag="690"><subfield code="a">Ruisdael, Jacob van</subfield><subfield code="2">ubs-A5</subfield></datafield><datafield ind1=" " ind2=" " tag="691"><subfield code="e">700.030</subfield><subfield code="2">usi-TM</subfield></datafield><datafield ind1="1" ind2=" " tag="700"><subfield code="a">Ruisdael, Jacob van</subfield></datafield><datafield ind1="1" ind2=" " tag="700"><subfield code="a">Hoetink, Hans</subfield></datafield><datafield ind1="1" ind2=" " tag="700"><subfield code="a">Ruisdael, Jacob van</subfield><subfield code="0">(SBT11)000010580</subfield></datafield><datafield ind1="1" ind2=" " tag="700"><subfield code="a">Hoetink, Hans R.</subfield><subfield code="d">1929-</subfield><subfield code="0">(DE-588)107457490</subfield></datafield><datafield ind1="2" ind2=" " tag="710"><subfield code="a">Koninklijk Kabinet van Schilderijen Mauritshuis</subfield><subfield code="0">(DE-588)62314-3</subfield></datafield><datafield ind1="0" ind2=" " tag="730"><subfield code="a">Van Ruisdael</subfield></datafield><datafield ind1=" " ind2=" " tag="900"><subfield code="f">IDSU2medea</subfield></datafield><datafield ind1=" " ind2=" " tag="900"><subfield code="a">REROnoselfmerge</subfield></datafield><datafield ind1=" " ind2=" " tag="993"><subfield code="a">BFLB 2868</subfield><subfield code="x">ge/ulha/a/86/1770</subfield><subfield code="9">LOCAL</subfield></datafield></record>
</metadata></record><resumptionToken>1900-01-01@all@UNIGE_ALL@marc21@5986517220005502</resumptionToken></ListRecords></OAI-PMH>